3309 4917
831 462 871 520 VI

307 635 470 700 veteribus
492 635 582 700 libris
604 640 786 704 communia
809 647 927 724 essent,
955 647 1121 706 enatarem
1145 643 1261 728 omnia,
1285 644 1392 731 singu·

307 738 421 802 larium
442 741 590 822 graviora
605 746 740 823 tantum,
764 743 1017 809 Bononiensium
1032 745 1185 811 librorum
1202 750 1394 833 scripturam

307 843 363 906 ubi
384 843 464 907 utile
486 845 589 908 visum
612 851 662 909 est
682 846 870 913 indicarem.

371 964 524 1031 Summae
558 988 635 1031 vero
665 970 868 1034 auctoritatis
900 972 933 1033 in
966 971 1107 1036 eruenda
1140 993 1218 1037 vera
1252 973 1391 1039 lectione

305 1068 405 1132 habui
432 1076 499 1132 tam
522 1069 695 1154 Theophili
721 1074 934 1156 paraphrasin
958 1073 1119 1139 Graecam
1147 1077 1391 1161 institutionum,
1441 1123 1443 1128 s

306 1194 402 1256 quam
427 1193 466 1236 ea
489 1195 573 1258 quae
596 1181 768 1259 supersunt
790 1177 955 1260 librorum,
983 1199 1025 1242 ex
1048 1179 1163 1263 quibus
1185 1179 1402 1263 proiecerunt

305 1282 372 1341 tres
387 1279 456 1358 viri,
473 1278 588 1361 quibus
603 1301 679 1344 cura
693 1281 990 1364 componendarum
1002 1283 1236 1348 institutionum
1250 1286 1391 1350 iniuncta
1419 1295 1434 1368 '.

306 1387 364 1444 cst.
410 1381 598 1466 etquidem
625 1384 701 1446 iuris
724 1385 942 1450 consultorum
965 1385 1038 1449 libri
1069 1387 1103 1449 hi
1126 1389 1279 1472 exscripti
1302 1394 1388 1452 sunt:

306 1481 367 1547 Gai
395 1483 468 1548 libri
489 1485 724 1549 institutionum
754 1493 787 1550 ct
813 1508 920 1552 rorum
945 1489 1208 1573 cottidianarum,
1234 1490 1391 1555 Marciani

303 1587 483 1651 Florentini
499 1587 630 1672 Ulpiani
646 1588 717 1652 libri
734 1590 984 1656 institutionum:
1008 1592 1058 1656 his
1073 1600 1278 1657 accesserunt
1293 1594 1389 1657 Iusti-

304 1692 391 1754 niani
413 1690 520 1755 codex
542 1693 628 1774 prior
650 1698 684 1756 et
707 1691 843 1778 digesta.
891 1695 949 1759 scd
973 1716 1056 1779 quae
1080 1716 1122 1760 ox
1144 1701 1291 1761 veterum
1313 1717 1389 1761 auc-

303 1799 410 1856 torum
432 1794 522 1857 libris
545 1795 707 1878 exscripta
730 1801 817 1880 sunt,
848 1800 996 1881 exceptis
1023 1799 1062 1862 iis
1093 1820 1177 1883 quae
1201 1805 1329 1864 exstant
1356 1800 1390 1864 in

305 1897 437 1962 Gaiauis
449 1899 701 1964 institutionibus
714 1920 780 1965 non
796 1901 855 1964 nisi
870 1921 912 1965 ex
925 1901 1058 1985 digestis
1069 1901 1162 1966 nobis
1173 1905 1387 1968 innotuerunt.

304 2024 404 2087 quare
434 2008 470 2066 ut
499 2003 624 2067 facilius
647 2004 868 2088 dignoscatur,
895 2005 981 2070 unde
1011 2013 1139 2091 sumpta
1162 2010 1224 2070 sint
1247 2029 1329 2092 quae
1356 2010 1388 2071 in

304 2107 438 2191 digestis
454 2107 600 2189 redeunt,
616 2109 648 2170 in
665 2107 714 2170 his
729 2108 901 2172 laudandis
916 2109 1027 2173 addidi
1042 2111 1125 2193 legis
1137 2111 1387 2193 inscriptionem,

304 2218 338 2273 ut
360 2212 484 2274 uncinis
506 2210 705 2274 includerem
728 2217 784 2276 aut
807 2210 1006 2296 digestorum
1029 2212 1149 2294 locum,
1178 2213 1234 2276 ubi
1261 2214 1387 2276 institu-

302 2316 425 2378 tionum
441 2315 539 2379 verba
556 2336 597 2378 ex
611 2315 775 2380 veteribus
797 2316 876 2398 ipsis
891 2314 980 2378 libris
995 2315 1169 2399 pendeant,
1193 2324 1249 2378 ant
1271 2317 1387 2380 librum

303 2419 379 2482 iuris
402 2419 550 2499 consulti,
579 2418 708 2502 qnando
733 2439 773 2481 ea
796 2439 838 2482 ex
860 2418 994 2502 digestis
1016 2418 1163 2502 profecta
1187 2420 1257 2481 sint.
1304 2440 1386 2502 quae

303 2544 380 2586 vero
404 2544 445 2586 ex
462 2520 595 2585 Gaianis
617 2521 878 2604 institutionibus,
903 2543 982 2606 quas
1000 2522 1247 2586 Iustinianarnm
1271 2522 1386 2585 funda-

303 2631 447 2689 mentum
471 2646 541 2689 esse
566 2629 705 2707 constat,
729 2626 937 2709 transscripta
960 2631 1048 2709 sunt,
1076 2627 1159 2689 intra
1182 2627 1286 2708 ipsum
1310 2647 1385 2688 con-

303 2735 428 2792 textum
444 2728 494 2791 his
506 2729 604 2812 signis
621 2726 631 2748 *
651 2728 659 2748 ⁴
679 2728 823 2791 distinxi:
841 2734 952 2792 contra
969 2749 1051 2812 quae
1063 2728 1247 2792 Iustinianis
1263 2728 1385 2792 deben-

303 2840 363 2914 tur,
388 2852 428 2895 ea
452 2831 559 2915 quoad
581 2831 651 2895 fieri
674 2833 781 2914 potnit
803 2832 929 2915 angulis
952 2832 1001 2894 his
1023 2829 1063 2858 ‘³
1087 2831 1234 2894 indicavi.

367 2952 513 3016 (litantur
542 2957 714 3036 praeterea
746 2951 788 3016 ad
810 2951 977 3016 titulorum
1008 2951 1153 3016 rubricas
1177 2952 1236 3015 Gai
1260 2953 1386 3014 institn-

302 3058 406 3120 tiones
428 3056 577 3140 titulique
603 3055 800 3141 digestorum
834 3062 867 3120 et
890 3056 1009 3120 codicis
1029 3057 1091 3140 ¹qui
1121 3054 1266 3118 eiusdem
1294 3075 1387 3138 argn-

302 3161 403 3223 menti
432 3165 519 3222 sunt:
549 3180 609 3222 nec
636 3161 740 3222 minus
766 3180 824 3222 suo
853 3178 981 3242 quoque
1012 3158 1084 3222 loco
1107 3159 1287 3220 indicantur
1311 3178 1386 3219 con-

302 3264 494 3346 stitutiones,
516 3263 559 3328 ad
582 3283 662 3346 quas
684 3263 901 3326 institutiones
924 3263 1100 3326 remittunt.
