3309 4917
252 416 430 461 aenomaus
768 395 828 456 147
1264 392 1341 458 lV,6

253 571 298 631 vel
321 569 352 629 in
374 568 506 629 hostium
527 572 672 645 potestate
694 574 786 639 esset,
816 585 881 627 rem
908 566 971 626 eius
993 565 1096 643 quiin
1124 566 1238 627 civitate
1265 575 1342 628 esset

253 675 310 717 usu
335 654 451 734 ceperit,
475 652 651 733 permittitur
672 652 802 727 domino,
826 652 851 712 si
873 671 1028 731 possessor
1048 651 1237 730 reipublicae
1253 672 1342 713 causa

255 744 361 803 abesse
389 740 520 813 desierit,
553 747 624 801 tunc
652 738 730 799 intra
760 757 874 799 annum
904 738 1029 799 rescissa
1061 739 1241 818 usucapione
1274 759 1341 800 eam

253 837 362 907 petere,
385 826 415 887 id
436 834 481 887 est
502 826 542 887 ita
564 833 672 903 petere,
696 832 728 885 ut
750 825 826 885 dicat
850 844 1052 903 possessorem
1075 843 1132 885 usu
1152 845 1213 886 non
1229 825 1341 903 cepisse

252 922 283 975 et
304 915 343 975 ob
365 914 395 973 id
418 931 504 973 suam
526 930 594 973 esse
615 930 688 974 rem.
721 912 800 989 quod
822 930 918 989 genus
940 909 1064 971 aetionis
1086 918 1115 971 et
1137 912 1201 972 aliis
1223 911 1340 989 quibus·

252 999 343 1062 dam¹
374 998 461 1059 simili
490 997 635 1075 aequitate
664 1003 763 1058 motus
791 1004 908 1075 praetor
936 995 1154 1071 accommodat,
1183 992 1274 1058 ‘sicut
1304 1018 1341 1058 ex

253 1087 357 1147 latiore
378 1086 560 1163 digestorum
583 1102 635 1144 seu
658 1084 870 1161 pandectarum
891 1082 1041 1143 volumine
1062 1082 1231 1160 intellegere
1248 1079 1340 1147 licet'.

252 1174 325 1234 ltem
354 1170 379 1231 si
401 1170 467 1249 quis
482 1170 513 1230 in
529 1170 663 1230 fraudem
680 1170 856 1231 creditorum
869 1189 934 1230 rem
949 1187 1035 1229 suam
1050 1169 1136 1229 alicui
1150 1164 1340 1244 <tradiderit',
1359 1180 1376 1233 6

253 1258 340 1319 bonis
363 1257 426 1318 eius
448 1276 466 1316 a
489 1255 681 1317 creditoribus
703 1275 739 1316 ex
762 1255 908 1316 sententia
937 1253 1078 1333 praesidis
1106 1256 1251 1333 possessis
1277 1275 1340 1333 per-

252 1344 378 1403 mittitur
398 1338 484 1420 <ipsis
507 1337 713 1403 creditoribus'
731 1342 855 1402 rescissa
870 1336 1056 1402 ‘traditione'
1072 1360 1138 1401 earn
1154 1360 1217 1401 rem
1232 1348 1340 1419 petere,

253 1426 297 1490 <id
320 1437 364 1491 est
386 1429 481 1489 dicere
503 1447 570 1489 eam
593 1446 656 1488 rem
679 1428 816 1487 traditam
839 1446 900 1489 non
927 1446 994 1488 esse
1020 1434 1048 1488 et
1076 1429 1114 1487 ob
1141 1427 1170 1486 id
1198 1427 1228 1487 in
1256 1428 1341 1487 bonis

254 1515 394 1577 debitoris
420 1509 614 1575 mansisse'2.
660 1514 732 1574 Item
755 1513 898 1575 Serviane
926 1520 954 1573 et
980 1512 1065 1590 quasi
1087 1512 1241 1586 Serviane,
1265 1526 1374 1590 quaet

254 1602 344 1662 etiam
366 1600 575 1678 hypothecaria
590 1605 719 1674 vocatur,
743 1619 780 1660 ex
796 1599 890 1677 ipsius
904 1598 1047 1676 praetoris
1062 1598 1260 1659 iurisdictione
1275 1601 1341 1659 sub·

254 1688 394 1749 stantiam
418 1686 503 1764 capit.
542 1686 683 1747 Serviane
705 1693 803 1747 autem
827 1686 974 1763 experitur
996 1685 1061 1763 quis
1080 1686 1116 1746 de
1130 1687 1219 1746 rebus
1236 1686 1341 1756 coloni,

252 1792 329 1851 quaa
359 1772 492 1851 pignoris
521 1772 584 1831 iure
613 1790 667 1849 pro
695 1772 880 1833 mercedibus
907 1771 990 1831 fundi
1019 1771 1045 1831 ei
1075 1778 1226 1833 tenentur:
1258 1772 1342 1849 quasi

254 1859 398 1920 Seruiana
411 1865 510 1918 autem
523 1877 582 1934 qua
596 1856 775 1918 creditores³
790 1858 917 1935 pignora
931 1857 1148 1934 hypothecasve
1163 1876 1342 1935 persequun-

254 1954 310 2006 tur.
349 1945 425 2005 inter
446 1944 555 2021 pignus
577 1951 676 2003 autern
698 1949 727 2003 et
748 1942 953 2021 hypothecam.
968 1949 1112 2019 quantum
1135 1944 1172 2003 ad
1194 1943 1341 2004 actionem

255 2030 495 2108 hypothecariam
517 2028 590 2089 nihil
613 2028 749 2089 interest:
771 2048 842 2088 narn
863 2029 899 2088 de
914 2047 973 2106 qua
988 2048 1020 2089 re
1033 2028 1110 2089 inter
1125 2028 1298 2089 creditorem
1313 2038 1342 2088 et

252 2117 418 2177 debitorem
440 2114 622 2188 convenerit,
652 2122 685 2175 ut
707 2114 744 2174 sit
766 2134 820 2193 pro
843 2114 942 2175 debito
964 2114 1110 2192 obligata,
1140 2122 1264 2191 utraque
1285 2115 1342 2175 hac

254 2202 449 2281 appellatione
464 2201 638 2262 continetur.
663 2200 761 2261 sedin
777 2201 840 2261 aliis
855 2200 1018 2262 differentia
1032 2207 1091 2263 est:
1124 2220 1195 2261 narn
1211 2200 1341 2280 pignoris

252 2289 448 2367 appellatione
469 2307 535 2348 eam
558 2285 674 2366 proprie
697 2286 839 2348 contineri
866 2287 1004 2361 dicimus,
1035 2306 1110 2364 quae
1138 2287 1226 2348 simul
1253 2286 1341 2347 etiarn

252 2376 377 2436 traditur
398 2374 544 2447 creditori,
575 2372 706 2436 maxime
727 2373 752 2433 si
778 2373 896 2434 mobilis
923 2374 974 2434 sit:
1005 2380 1035 2433 at
1063 2393 1143 2446 eam,
1173 2392 1249 2450 quae
1277 2373 1341 2433 sine

252 2461 407 2521 traditione
429 2460 508 2539 nuda
532 2458 726 2520 conventione
740 2466 865 2531 tenetur,
889 2459 1005 2536 proprie
1020 2459 1201 2536 hypothecae
1216 2458 1341 2535 appella-

252 2548 332 2608 tione
354 2545 497 2607 contineri
519 2544 653 2606 dicimus.
697 2546 732 2603 In
754 2564 913 2622 personam
935 2562 1054 2621 quoque
1075 2544 1206 2605 actiones
1229 2563 1265 2604 ex
1287 2564 1341 2603 sua
1359 2552 1375 2605 8

252 2633 453 2693 iurisdictione
475 2631 640 2709 propositas
661 2629 751 2690 habet
777 2637 904 2707 praetor.
942 2630 1030 2691 veluti
1057 2629 1093 2690 de
1121 2629 1247 2708 pecunia
1273 2648 1340 2690 con-

255 2721 364 2792 stituta,
387 2713 449 2778 <cui
473 2716 576 2776 similis
599 2715 750 2776 ridebatur
773 2714 940 2793 recepticia:
962 2717 1014 2776 sed
1034 2735 1070 2776 ax
1085 2723 1187 2778 nostra
1202 2715 1341 2776 eonstitu-

252 2800 348 2865 ‘tione
357 2802 379 2877 ⁴,
403 2822 471 2863 curn
494 2808 531 2874 et,
555 2801 580 2862 si
604 2802 673 2879 quid
692 2802 808 2879 plenius
823 2802 961 2876 habebat,
984 2802 1042 2862 hoc
1055 2801 1088 2861 in
1102 2801 1258 2879 pecuniam
1273 2821 1341 2862 con-

255 2886 404 2949 <stitutam
426 2888 608 2948 transfusum
631 2894 690 2961 est,
721 2908 756 2949 ea
778 2888 861 2965 quasi
889 2906 1069 2965 supervacua
1095 2887 1177 2947 iussa
1203 2895 1248 2948 est
1274 2907 1342 2949 amn

254 2973 324 3035 <sua
347 2974 519 3035 auctoritate
540 2993 558 3034 a
579 2973 688 3034 nostris
710 2974 824 3052 legibus
847 2968 1008 3035 recedere’.
1045 2973 1116 3034 item
1139 2980 1257 3051 praetor
1277 2994 1342 3051 pro·

254 3062 352 3142 posuit
381 3062 418 3120 de
446 3059 560 3138 peculio
589 3079 741 3121 servorum
772 3060 958 3137 liborumque
988 3059 1114 3121 familias
1143 3058 1192 3120 et⁵
1219 3078 1257 3119 ex
1283 3078 1341 3136 qua

254 3148 416 3227 quaeritur,
445 3166 484 3207 an
508 3153 589 3207 actor
610 3146 760 3219 iuraverit,
788 3153 817 3207 et
839 3145 912 3207 alias
935 3146 1110 3223 complures.
1148 3145 1192 3207 De
1220 3146 1377 3224 pecunia9

255 3242 354 3296 autem
378 3232 626 3295 constitutarum
650 3232 789 3293 omnibus
818 3231 928 3309 agitur,
956 3231 1135 3309 quicumque
1157 3232 1202 3292 vel
1230 3251 1284 3309 pro
1312 3251 1344 3291 se

255 3323 301 3382 vel
318 3340 372 3399 pro
389 3320 445 3381 alio
461 3319 608 3379 soluturos
631 3337 664 3378 se
686 3317 898 3391 constituerint,
922 3319 1005 3379 nulla
1027 3318 1136 3379 scilicet
1157 3317 1344 3395 stipulatione

255 3406 437 3485 interposita.
483 3424 553 3465 nam
576 3403 704 3480 alioquin
728 3405 753 3465 si
776 3404 927 3483 stipulanti
949 3404 1150 3482 promiserint,
1178 3403 1241 3465 iure
1269 3403 1344 3464 civili

254 3500 402 3554 tenentur.
446 3490 607 3551 Actiones⁶
634 3498 732 3551 autem
762 3491 798 3551 de
824 3490 938 3567 peculio
969 3490 1035 3551 ideo
1062 3491 1201 3550 adversus
1230 3497 1343 3568 patrem
1362 3500 1395 3555 10

256 3579 447 3639 dominumve
468 3576 648 3655 comparavit
670 3583 796 3654 praetor,
820 3576 890 3653 quia
912 3576 978 3637 licet
998 3596 1035 3637 ex
1051 3583 1202 3638 contractu
1217 3576 1344 3637 filiorum

256 3684 445 3725 servorumre
466 3664 530 3742 ipso
552 3663 615 3723 iure
637 3681 699 3723 non
721 3669 892 3736 teneantur,
923 3681 1052 3739 aequum
1074 3669 1176 3723 tamen
1198 3669 1275 3723 esset
1297 3681 1345 3739 pe

256 3750 333 3811 culio
355 3756 455 3822 tenus,
488 3750 566 3827 quod
589 3748 678 3810 veluti
700 3748 911 3827 patrimonium
933 3756 978 3809 est
999 3749 1127 3811 filiorum
1150 3748 1343 3824 filiarumque,

258 3837 329 3897 item
352 3854 517 3909 servorum,
546 3834 737 3897 condemnari
765 3854 826 3896 eos.
871 3835 944 3895 ltem
966 3834 991 3894 si
1013 3835 1080 3913 quis
1103 3836 1270 3913 postulante
1296 3833 1344 3892 ad-
1363 3841 1395 3892 11

328 3973 337 4004 ²
356 3974 509 4039 quibusdam
533 3982 558 4025 et
580 3974 638 4024 aliis
662 3974 722 4024 libri
802 3967 867 4002 ²⁰
892 3969 918 4039 (ἓ
930 3969 957 4039 6)
981 3971 1136 4023 Iustiniana}
1157 3971 1244 4021 tatuit
1264 3968 1345 4019 Leael

258 4044 340 4108 ⁸qua
357 4043 408 4095 del.
470 4042 482 4073 ⁴
501 4041 562 4094 coc.
575 4039 679 4108 4,18,2
742 4039 805 4113 ἔοι]
824 4042 856 4106 Ρ,
878 4040 995 4093 onaBE
1053 4037 1130 4106 θτὴν
1147 4036 1177 4089 δὲ
1194 4040 1226 4090 de
1243 4037 1344 4105 peculio

257 4110 364 4177 ἀγωγήν
384 4108 408 4163 Θ
1102 4191 1153 4249 10*
