3309 4917
311 439 390 509 ΝΛ
751 446 960 541 ...Q-
1040 464 1121 519 ouon
1136 464 1197 509 cuu
1212 464 1250 508 ro
1265 463 1317 517 om
1332 463 1404 509 erc.

311 615 368 677 de¹
390 615 562 677 coactione
584 616 690 695 agitur,
714 623 783 677 ante
804 616 946 694 dispicere
969 619 1058 690 solet,
1082 636 1123 677 an
1145 618 1177 677 in
1200 636 1263 678 rem
1287 616 1405 677 domini

310 720 429 762 versum
451 702 501 776 sit,
529 722 584 764 nec
605 702 688 763 aliter
710 703 746 763 ad
768 704 873 779 peculii
896 704 1131 765 aestimationem
1159 703 1279 777 transit,
1308 722 1402 779 quam

311 787 336 847 si
358 795 410 848 aut
431 787 503 849 nihil
525 788 555 849 in
578 806 640 849 rem
664 788 776 849 domini
798 808 917 850 versum
938 790 1128 867 intellegatur
1149 796 1201 849 aut
1216 808 1278 849 non
1293 795 1402 851 totum.

257 881 290 937 40
312 871 407 934 ²Cum
431 881 530 935 autem
553 874 712 951 quaeritur,
736 883 881 951 quantum
903 876 934 935 in
951 876 1066 953 peculio
1080 876 1127 949 sit,
1152 882 1222 935 ante
1237 875 1402 947 deducitur,

310 959 450 1037 quidquid
472 979 574 1021 servus
597 960 717 1021 domino
740 961 825 1037 qtrive
847 961 909 1022 eius
930 960 983 1022 in³
1005 968 1149 1040 potestate
1177 962 1214 1021 sit
1241 962 1341 1036 debet,
1374 969 1403 1023 et

310 1046 389 1123 quod
412 1054 555 1123 superest,
578 1047 607 1107 id
630 1047 727 1106 solum
743 1047 889 1125 peculium
904 1048 1092 1125 intellegitur.
1122 1047 1283 1124 aliquando
1297 1054 1402 1109 tamen

310 1131 348 1205 id,
372 1133 450 1209 quod
474 1131 500 1193 ei
522 1132 607 1193 debet
630 1151 741 1205 servus,
765 1134 867 1209 quiin
891 1141 1035 1211 potestate
1056 1133 1169 1195 domini
1190 1133 1237 1207 sit,
1268 1153 1331 1194 non
1352 1134 1402 1194 de·

309 1217 425 1277 ducitur
447 1236 483 1278 ex
505 1218 628 1295 peculio,
651 1219 739 1280 veluti
762 1220 786 1280 si
808 1220 833 1280 is
855 1220 886 1279 in
902 1220 989 1281 huius
1003 1220 1096 1298 ipsius
1111 1220 1224 1298 peculio
1241 1220 1289 1280 sit.
1319 1220 1401 1297 quod

309 1322 344 1364 eo
366 1303 500 1381 pertinet,
523 1312 565 1378 ut,
589 1304 613 1365 si
633 1304 725 1382 quid4
740 1305 846 1367 vicario
862 1326 916 1367 suo
932 1325 1035 1368 servus
1050 1307 1164 1379 debeat,
1187 1306 1216 1365 id
1233 1324 1271 1365 ex
1286 1305 1401 1382 peculio

310 1390 373 1451 eius
395 1408 457 1450 non
480 1390 649 1451 deducatur.

274 1480 291 1535 5
376 1473 533 1537 ²Ceterum
555 1477 677 1537 dubium
693 1482 822 1549 nonest,
847 1476 918 1553 quin
933 1476 959 1536 is
974 1496 1100 1554 quoque,
1124 1478 1174 1554 qui
1187 1478 1272 1537 iussu
1287 1476 1402 1537 domini

309 1562 487 1622 contraxerit
509 1562 613 1639 cuique
635 1560 779 1623 institoria
805 1563 851 1621 vel
878 1562 1047 1623 exercitoria
1074 1564 1149 1624 actio
1178 1563 1331 1640 competit,
1365 1564 1402 1625 de

308 1647 423 1724 peculio
445 1647 539 1723 deque
561 1666 605 1721 eo,
630 1649 708 1725 quod
726 1647 756 1707 in
773 1667 836 1708 rem
852 1647 964 1708 domini
979 1667 1097 1708 versum
1112 1656 1166 1722 est,
1190 1669 1277 1725 agere
1293 1649 1399 1727 possit:

309 1733 361 1793 sed
377 1732 430 1793 erit
446 1729 677 1806 ‘stultissimus’,
702 1732 726 1794 si
741 1733 852 1794 omissa
867 1734 990 1807 actione,
1014 1753 1073 1810 qua
1087 1730 1254 1796 <facillime>
1272 1735 1400 1796 solidum

309 1837 347 1878 ex
369 1825 520 1878 contractu
543 1820 682 1897 consequi
704 1818 806 1896 possit,
831 1820 923 1880 seed
946 1820 1147 1881 difficultatem
1170 1822 1312 1899 perducat
1333 1840 1401 1898 pro-

310 1904 400 1964 bandi
422 1904 454 1963 in
476 1924 539 1965 rem
562 1906 673 1966 domini
696 1924 813 1967 versum
834 1924 908 1980 esse,
931 1907 977 1966 vel
992 1906 1102 1967 habere
1117 1926 1236 1967 servum
1251 1908 1399 1984 peculium

258 1994 294 2049 δα
311 1997 340 2051 et
361 1997 478 2051 tantum
500 1991 673 2064 habereut
696 1991 823 2051 solidum
846 1992 901 2052 sibi
924 1992 997 2053 solvi
1018 1993 1120 2070 possit.
1159 1994 1186 2053 ls
1202 2012 1328 2070 qrroque,
1353 1993 1400 2053 cui

308 2076 461 2137 tributoria
483 2076 557 2138 actio
580 2078 728 2155 competit,
751 2097 845 2154 aeque
859 2078 895 2139 dc
909 2079 1022 2155 peculio
1038 2086 1067 2139 et
1082 2080 1113 2139 in
1129 2099 1193 2139 rem
1207 2098 1292 2140 verso
1310 2098 1399 2157 agere

309 2168 418 2239 potest:
442 2162 493 2222 sed
517 2182 589 2224 sane
610 2164 679 2224 huic
700 2164 789 2224 modo
812 2164 966 2225 tributaria
988 2166 1103 2242 expedit
1126 2184 1223 2241 agere,
1247 2166 1337 2226 modo
1363 2166 1399 2225 de

307 2249 423 2325 peculio
445 2254 473 2308 et
494 2248 526 2307 in
548 2268 611 2308 rem
634 2268 727 2309 verso.
761 2248 915 2310 tributoria
936 2250 1001 2310 ideo
1023 2251 1138 2327 expedit
1158 2270 1257 2328 agere,
1281 2252 1350 2328 quia
1365 2251 1397 2310 in

309 2353 344 2394 ea
366 2332 478 2393 domini
500 2332 631 2394 condicio
653 2333 811 2411 praecipua
833 2354 894 2395 non
918 2342 971 2409 est,
993 2336 1090 2397 idest
1112 2337 1191 2413 quod
1210 2337 1331 2398 domino
1347 2338 1395 2396 de·

309 2420 394 2480 betur
416 2438 477 2479 non
501 2419 663 2493 deducitur,
693 2420 743 2480 sed
767 2420 897 2481 eiusdem
919 2421 991 2481 iuris
1013 2430 1058 2483 est
1080 2423 1232 2496 dominus,
1263 2424 1347 2484 cuius
1369 2430 1400 2484 et

310 2506 396 2566 ceteri
420 2506 590 2567 creditores:
615 2514 644 2567 at
665 2505 697 2565 in
719 2506 833 2567 actione
855 2508 891 2568 de
913 2508 1026 2585 peculio
1049 2516 1118 2569 ante
1140 2509 1294 2569 deducitur
1319 2510 1399 2587 quod

310 2592 430 2653 domino
445 2592 567 2653 debetur
585 2600 613 2653 et
625 2592 656 2652 in
669 2592 698 2652 id
710 2594 789 2669 quod
801 2594 946 2669 reliquum
965 2601 1010 2655 est
1025 2595 1159 2655 creditori
1174 2595 1313 2657 dominus
1332 2616 1399 2657 con·

309 2679 475 2739 demnatur.
514 2698 616 2739 rursus
639 2679 675 2739 de
697 2679 811 2756 peculio
835 2680 899 2740 ideo
921 2680 1038 2757 expedit
1060 2700 1161 2757 agere,
1186 2682 1266 2757 quod
1288 2681 1320 2741 in
1343 2682 1400 2742 hac

310 2764 424 2824 actione
445 2764 534 2824 totius
556 2764 661 2841 peculii
683 2765 757 2826 ratio
772 2765 906 2839 hahetur,
931 2773 960 2825 at
975 2767 1006 2826 in
1021 2766 1176 2828 tributaria
1191 2768 1254 2828 eius
1268 2775 1398 2841 tantum,

310 2850 388 2927 quod
411 2850 587 2927 negotiatur,
610 2857 638 2911 et
660 2857 755 2927 potest
778 2852 901 2929 quisque
923 2852 1008 2912 tertia
1030 2854 1105 2913 forte
1126 2861 1210 2931 parte
1225 2854 1331 2931 peculii
1348 2861 1399 2915 aut

309 2943 415 3013 quarta
436 2937 482 2995 vel
504 2936 593 2997 etiarn
615 2936 740 2997 minima
761 2938 915 3015 negotian,
940 2938 1082 2998 maiorem
1106 2948 1205 3000 autem
1228 2948 1341 3017 partem
1364 2941 1395 2999 in

309 3022 434 3099 praediis
457 3029 485 3082 et
507 3022 661 3099 mancipiis
684 3030 734 3083 aut
755 3024 868 3083 fenebri
894 3024 1019 3099 pecunia
1045 3025 1165 3085 habere.
1209 3034 1297 3102 prout
1324 3044 1395 3102 ergo

310 3108 434 3185 expedit,
458 3108 498 3168 ita
520 3108 643 3185 quisque
665 3110 710 3169 vel
732 3110 810 3169 hanc
825 3109 979 3170 'actionem
1001 3111 1046 3171 vel
1068 3111 1150 3171 illam
1172 3111 1280 3189 eligere
1294 3112 1393 3173 debet:

310 3200 387 3255 certe
409 3194 458 3271 qui
481 3201 576 3271 potest
597 3195 722 3272 probare
743 3195 775 3254 in
797 3214 861 3255 rem
876 3195 988 3255 domini
1004 3215 1121 3257 versum
1137 3216 1211 3271 esse,
1234 3198 1271 3258 de
1286 3198 1316 3258 in
1331 3216 1394 3257 rem

275 3287 292 3341 6
311 3299 394 3341 verso
417 3298 505 3356 agere
527 3278 641 3341 debet⁶.
680 3279 763 3353 Quae
785 3281 913 3341 diximus
936 3282 972 3342 de
993 3302 1079 3343 servo
1094 3291 1123 3344 et
1138 3283 1270 3355 domino,
1293 3282 1398 3343 eadem

310 3366 505 3441 intellegimus
527 3373 555 3426 et
578 3365 614 3425 de
636 3366 694 3426 filio
717 3374 746 3427 et
768 3366 827 3427 filia
850 3374 900 3426 aut
921 3376 1028 3444 nepote
1046 3376 1075 3429 et
1089 3376 1187 3447 nepte,
1209 3374 1292 3445 patre
1308 3383 1400 3425 avove

275 3450 394 3511 leuius
414 3452 446 3510 in
467 3458 611 3528 potestate
634 3459 712 3511 sunt.
756 3453 831 3511 lllud
853 3453 970 3531 proprie
993 3461 1125 3515 servatur
1146 3454 1178 3513 in
1201 3471 1305 3513 eorum
1336 3470 1399 3529 per·

222 3570 225 3577 ,
310 3555 394 3609 sona,
418 3537 496 3613 quod
519 3544 639 3598 senatus
662 3538 831 3598 consultum
845 3538 1090 3600 Macedonianum
1112 3537 1262 3616 prohibuit
1278 3544 1399 3598 mutuas
1433 3568 1436 3573 ·

309 3621 449 3699 pecunias
472 3623 534 3682 dari
556 3623 612 3696 εἰς,
645 3623 747 3701 quiin
775 3626 905 3701 parentis
931 3633 1018 3685 erunt
1045 3630 1203 3701 potestate:
1234 3631 1262 3683 et
1293 3623 1319 3685 ei
1350 3624 1400 3700 qui

310 3707 461 3769 crediderit
484 3709 646 3787 denegatur
673 3710 747 3771 actio
770 3717 831 3770 tam
855 3711 994 3771 adversus
1021 3710 1118 3787 ipsum
1147 3708 1241 3769 filium
1270 3710 1399 3771 filiamve

310 3802 448 3871 nepotem
470 3800 639 3873 neptemve,
667 3796 726 3856 sive
749 3797 846 3857 adhuc
868 3796 899 3855 in
926 3803 1181 3873 potestatesunt,
1213 3796 1273 3857 sive
1304 3804 1400 3857 morte

309 3880 438 3959 parentis
460 3883 506 3942 vel
527 3882 761 3959 emancipatione
783 3902 854 3943 suae
876 3883 1027 3959 potestatis
1043 3902 1108 3943 esse
1123 3882 1282 3960 coeperint,
1307 3902 1399 3960 quarn

383 4018 443 4070 ¹de
460 4019 510 4072 del.
529 4015 610 4087 (dett.)
688 4018 778 4081 ²§4c
795 4029 818 4072 et
835 4019 852 4072 5
870 4020 965 4071 similes
983 4020 1050 4072 Gaio
1062 4019 1087 4086 4,
1097 4017 1139 4073 73.
1150 4018 1185 4073 74
1258 4019 1344 4071 ⁸eius
1362 4018 1398 4083 in]

311 4084 360 4150 Pl,
383 4088 411 4139 in
428 4090 483 4141 eius
504 4089 571 4155 dat,
593 4090 622 4141 in
639 4088 735 4142 BPau
812 4090 899 4157 ‘quis
917 4089 968 4141 BP
1045 4086 1295 4155 loona...debot]
1315 4085 1399 4153 ΡΕΘ,

311 4171 360 4205 om.
374 4156 399 4206 B
