3309 4917
236 459 361 504 necatus
761 443 801 502 75
1240 436 1322 502 II,20

235 631 306 673 vero
332 611 398 690 quis
426 618 540 689 partem
568 611 611 672 rei
638 613 752 690 legatae
778 611 960 685 alienaverit,
990 630 1058 689 pars
1084 631 1160 689 quae
1187 630 1248 672 non
1277 618 1323 672 est

233 698 363 758 alienata
384 697 557 759 omnimodo
579 698 711 772 debetur,
734 718 804 777 pars
826 706 926 759 autem
949 697 1075 758 alienata
1089 698 1129 759 ita
1143 699 1274 770 debetur,
1297 697 1322 758 si

234 801 297 844 non
324 783 472 845 adimendi
497 784 597 845 animo
619 784 745 846 alienata
768 787 814 846 sit.
856 784 887 846 Si
909 784 974 860 quis
997 784 1120 845 debitori
1140 803 1194 844 suo
1218 784 1320 844 libera·
1340 787 1374 842 13

233 870 346 931 tionem
368 869 523 948 legaverit,
553 871 684 948 legatum
713 871 784 932 utile
811 877 905 932 estet
926 889 1023 947 neque
1045 871 1082 930 ab
1105 869 1168 948 ipso
1191 870 1320 931 debitore

234 975 332 1033 neque
365 957 403 1016 ab
436 956 543 1017 herede
572 957 634 1017 eius
663 964 758 1035 potest
787 957 873 1017 heres
904 964 1001 1034 petere
1030 975 1085 1017 neo
1116 957 1153 1016 ab
1184 955 1240 1016 alio
1270 956 1321 1033 qui

235 1041 351 1103 heredis
373 1043 438 1103 loco
460 1050 518 1103 est:
548 1043 600 1104 sed
622 1049 651 1104 et
671 1050 767 1120 potest
789 1063 807 1102 a
829 1041 961 1103 debitore
983 1042 1141 1116 conveniri,
1164 1049 1197 1102 ut
1218 1042 1320 1103 liberet

235 1147 314 1191 eum.
347 1135 564 1206 potestantem
587 1129 652 1206 quis
675 1131 720 1189 vel
742 1129 779 1190 ad
802 1136 919 1206 tempus
941 1128 1050 1202 iubere,
1074 1147 1113 1188 ne
1128 1128 1214 1189 heres
1230 1135 1318 1205 petat.

235 1207 280 1274 En
301 1213 448 1275 contrario
466 1215 491 1274 si
505 1213 619 1275 debitor
633 1215 767 1276 creditori
782 1235 837 1276 suo
852 1215 931 1292 quod
946 1215 1032 1276 debet
1046 1215 1192 1291 legaverit,
1216 1214 1317 1275 inutile
1335 1219 1369 1272 14

234 1307 278 1362 est
299 1301 445 1379 legatum,
472 1300 497 1360 si
520 1300 592 1361 nihil
615 1302 680 1378 plus
702 1301 799 1362 estin
821 1303 918 1378 legato
941 1319 1031 1378 quam
1054 1300 1217 1373 indebito,
1247 1300 1317 1377 quia

235 1386 309 1448 nihil
331 1387 458 1464 amplius
479 1386 568 1446 habet
589 1407 641 1464 per
662 1389 803 1465 legatum.
837 1386 942 1465 quodsi
964 1386 995 1446 in
1018 1386 1096 1446 diem
1112 1386 1156 1446 vel
1179 1387 1234 1446 sub
1250 1405 1318 1446 con·

235 1473 349 1533 dicione
376 1471 508 1533 debitum
535 1472 561 1532 ei
588 1492 660 1551 pure
687 1473 839 1549 legaverit,
869 1473 939 1534 utile
966 1479 1011 1532 est
1041 1473 1174 1550 legatum
1205 1478 1324 1550 propter

236 1559 553 1636 repraesentationem
576 1559 681 1636 quodsi
703 1560 767 1621 vivo
789 1566 928 1620 testatore
950 1558 1013 1618 dies
1036 1557 1149 1618 venerit
1179 1564 1231 1619 aut
1256 1575 1325 1618 con·

237 1644 310 1705 dicio
334 1645 471 1718 extiterit,
501 1644 681 1722 Papinianus
703 1644 839 1722 scripsit1
862 1645 932 1706 utile
953 1663 1019 1706 esse
1040 1643 1132 1704 nihilo
1162 1644 1262 1704 minus
1283 1643 1322 1705 le·

237 1738 356 1809 gatum,
385 1731 455 1807 quia
476 1733 567 1791 semel
590 1731 728 1793 constitit.
764 1727 859 1809 <quod
888 1738 916 1792 et
938 1749 1040 1791 verum
1068 1737 1124 1791 est:
1153 1750 1215 1791 non
1243 1729 1323 1790 enim

238 1816 346 1895 placuit
367 1818 511 1877 sententia
533 1812 778 1878 existimantium>
802 1817 965 1878 extinctum
987 1835 1052 1877 esse
1078 1816 1224 1894 legatum,
1255 1815 1325 1893 quia

238 1904 358 1963 ineam
379 1921 501 1962 causam
522 1903 666 1980 pervenit,
697 1923 796 1980 aqua
817 1903 944 1980 incipere
967 1921 1028 1962 non
1058 1908 1163 1979 potest.
1208 1901 1266 1963 Sed
1296 1901 1321 1962 si
1343 1904 1376 1958 15

237 1987 322 2048 uxori
345 1987 466 2048 maritus
488 1988 586 2048 dotem
609 1988 757 2066 legaverit,
781 1989 856 2050 valet
879 1989 1018 2064 legatum,
1047 1987 1116 2064 quia
1138 1987 1252 2065 plenius
1275 1993 1320 2048 est

237 2075 369 2152 legatum
397 2093 487 2151 quam
513 2068 564 2134 ‘de
591 2070 672 2135 dote>
703 2075 787 2135 actio.
832 2075 884 2135 sed
913 2073 938 2134 si
965 2092 1055 2151 quam
1086 2093 1146 2134 non
1178 2073 1320 2151 acceperit

238 2161 338 2221 dotem
364 2159 515 2236 legaverit,
545 2159 603 2221 divi
632 2161 758 2222 Severus
786 2166 815 2221 et
842 2160 1011 2221 Antoninus
1042 2160 1266 2237 rescripserunt,
1296 2159 1320 2220 si

239 2246 357 2324 quidem
380 2245 549 2323 simpliciter
570 2247 717 2325 legaverit,
741 2247 844 2307 inutile
865 2267 930 2308 esse
952 2247 1095 2323 legatum:
1119 2247 1226 2306 sivero
1242 2253 1321 2306 certa

238 2329 383 2410 pecunia²
409 2333 454 2393 vel
480 2340 592 2394 certum
619 2353 725 2412 corpus
753 2340 804 2393 aut
823 2333 1054 2394 instrumentum
1081 2332 1156 2393 dotis
1182 2332 1213 2392 in
1241 2351 1321 2409 prae·

238 2418 366 2496 legando
387 2419 590 2480 demonstrata
611 2428 689 2493 sunt,
714 2420 808 2480 valere
830 2420 969 2495 legatum.
1013 2419 1043 2479 Si
1066 2437 1113 2479 res
1136 2419 1233 2495 legata
1256 2418 1319 2478 sine
1343 2418 1375 2475 16

239 2502 315 2565 facto
338 2504 453 2565 heredis
479 2505 605 2584 perierit,
633 2506 774 2583 legatario
801 2505 922 2568 decedit.
970 2511 1000 2564 et
1025 2504 1050 2564 si
1077 2523 1178 2565 servus
1205 2503 1319 2564 alienus

238 2591 354 2668 legatus
377 2590 441 2651 sine
458 2592 536 2652 lacto
550 2591 664 2652 heredis
679 2591 882 2652 manumissus
897 2590 991 2663 fuerit,
1016 2610 1076 2650 non
1091 2596 1207 2650 tenetur
1221 2589 1318 2650 heres

240 2675 266 2736 si
288 2696 356 2737 vero
379 2677 494 2738 heredis
516 2696 618 2738 servus
639 2679 755 2756 legatus
776 2677 863 2737 fuerit
884 2685 913 2738 et
934 2677 996 2754 ipse
1018 2695 1087 2737 eum
1106 2675 1318 2747 manumiserit,

240 2762 332 2824 teneri
353 2782 423 2823 eum
444 2763 574 2824 lulianus
595 2764 726 2841 scripsit,
751 2761 826 2823 ³nec
847 2761 996 2835 interest⁴,
1027 2761 1122 2822 scierit
1145 2781 1184 2822 an
1206 2761 1322 2838 ignora·

242 2849 352 2909 verita
374 2867 406 2908 se
426 2850 559 2925 legatum
581 2869 655 2910 esse.
693 2850 745 2910 sed
766 2856 795 2910 et
816 2849 842 2909 si
864 2849 910 2909 alii
934 2847 1085 2909 donaverit
1107 2867 1224 2908 servum
1248 2854 1277 2907 et
1296 2846 1321 2906 is

241 2935 289 2995 cui
316 2933 461 2993 donatus⁵
490 2940 534 2994 est
562 2954 632 2996 eum
660 2934 879 3009 manumiserit,
910 2940 1026 2995 tenetur
1056 2933 1154 3006 heres,
1189 2932 1323 3008 quamvis

241 3019 417 3097 ignoraverit
437 3039 456 3079 a
477 3038 510 3079 se
531 3040 601 3080 eum
621 3022 753 3098 legatum
775 3040 850 3082 esse.
888 3019 921 3080 Si
943 3019 1008 3097 quis
1031 3019 1152 3080 ancillas
1173 3037 1241 3078 cum
1261 3018 1323 3079 suis
1340 3021 1377 3074 17

242 3105 321 3166 natis
343 3105 494 3182 legaverit,
518 3106 632 3166 etiamsi
654 3106 777 3167 ancillae
799 3113 934 3166 mortuae
955 3105 1077 3178 luerint,
1101 3111 1202 3182 partus
1224 3106 1323 3182 legato

243 3193 360 3254 cedunt.
394 3190 471 3252 idem
494 3199 547 3266 est,
571 3192 595 3252 si
617 3192 756 3253 ordinarii
778 3192 854 3253 servi
876 3211 945 3252 cum
967 3183 1079 3252 vicariis
1101 3191 1191 3269 legati
1206 3191 1322 3264 fuerint,

242 3285 288 3353 ut,
320 3277 387 3338 licet
411 3277 520 3338 mortui
548 3278 607 3338 sint
632 3277 784 3353 ordinarii,
815 3287 916 3340 tamen
939 3277 1036 3338 vicarii
1062 3279 1160 3355 legato
1187 3278 1292 3338 cedant
1300 3275 1322 3337 ⁰.

243 3365 295 3425 sed
323 3364 349 3424 si
376 3383 478 3425 servus
507 3382 576 3425 cum
598 3365 710 3442 peculio
741 3365 826 3426 fuerit
853 3367 980 3441 legatus,
1014 3371 1132 3425 mortuo
1166 3382 1249 3424 servo
1280 3364 1324 3423 vel

243 3449 428 3511 manumisso
449 3452 495 3510 vel
516 3451 642 3511 alienato
669 3458 698 3511 et
724 3452 827 3529 peculii
853 3452 984 3530 legatum
1010 3448 1198 3527 extinguitur.
1244 3448 1322 3511 idem

244 3542 300 3608 est,
329 3535 354 3596 si
380 3535 489 3597 fundus
516 3536 675 3598 instructus
696 3539 741 3598 vel
767 3556 836 3598 cum
861 3537 1057 3598 instrumento
1083 3537 1201 3612 legatus
1222 3535 1320 3596 fuerit:

242 3642 314 3682 nam
344 3621 436 3683 fundo
463 3623 590 3684 alienato
618 3630 647 3683 et
673 3623 861 3684 instrumenti
890 3624 1022 3701 legatum
1052 3621 1241 3699 extinguitur.
1291 3621 1322 3682 Si
1342 3623 1376 3677 18

243 3728 317 3787 grex
337 3709 454 3786 legatus
476 3709 561 3770 luerit
583 3716 742 3788 posteaque
763 3709 800 3769 ad
822 3728 915 3770 unam
937 3728 1023 3769 ovem
1046 3708 1224 3786 pervenerit,
1248 3707 1327 3784 quod

244 3795 419 3874 superfuerit
447 3794 586 3856 vindicari
614 3802 719 3874 potest.
770 3794 866 3872 Grege
895 3802 994 3855 autem
1024 3796 1121 3871 legato
1155 3794 1244 3856 etiarn
1276 3812 1326 3854 eas

318 3947 406 4016 ¹th.
420 3946 462 4014 35,
472 3947 523 4014 2,5
546 3946 624 4016 (Pop.
638 3948 685 4001 ts
707 3947 785 4014 resp.)
866 3947 930 3999 'eie
952 3947 1009 4012 Pu,
1032 3956 1127 4000 certam
1149 3948 1285 4014 pecuniam
1305 3944 1331 3995 B

247 4017 259 4049 ⁸
279 4015 343 4078 §16
359 4021 410 4084 fin.
427 4035 459 4069 car
482 4018 615 4069 Marcioni
636 4020 653 4070 l.
672 4017 689 4071 6
710 4013 1043 4084 eur.(1>1·9.80‚112§1)
1120 4016 1131 4048 ⁴
1151 4017 1187 4067 sic
1205 4012 1331 4081 WODip,

246 4087 370 4139 interesse
387 4087 465 4138 BPE
538 4088 549 4119 ⁶
572 4088 608 4139 cic
630 4087 730 4153 urbig.
743 4083 774 4150 Θ,
797 4088 921 4138 donatum
943 4085 1017 4151 Bur,
1040 4086 1148 4137 donatur
1170 4085 1196 4135 P
1273 4082 1331 4138 ‘ut

302 4153 403 4222 cedent]
421 4157 525 4221 emmo:
544 4158 689 4208 ...cedant
706 4153 766 4224 (om.
779 4152 819 4223 ut)
837 4156 870 4220 B,
889 4163 967 4208 et...
981 4156 1076 4207 cedunt
1093 4151 1146 4205 PE
