3309 4917
259 481 300 526 ar
315 480 406 525 muer
421 479 511 524 rsur.
527 479 608 524 ross.
783 464 824 523 47
1284 458 1319 525 ΙΙ,
1332 457 1349 511 6

261 633 371 695 abolita
397 639 441 693 est
467 632 545 693 enim
573 633 761 710 quorundam
787 639 919 694 veterum
946 632 1091 692 sententia
1117 631 1348 694 existimantium

262 720 350 780 etiam
373 718 456 778 fundi
477 718 569 779 locive
591 719 703 779 furtum
732 718 794 779 lieri
815 713 881 779 ‘etl
904 736 1021 792 eorum,
1052 717 1102 795 qui
1129 737 1175 778 res
1203 718 1257 778 soli
1283 738 1348 796 pos·

261 801 380 877 ‘sidant
405 804 614 882 principalibus
636 804 893 865 constitutionibus
916 804 1099 882 prospicitur,
1126 823 1165 864 ne
1187 804 1234 864 cui
1256 805 1349 882 longa

261 887 306 953 ‘et
327 891 489 952 indubitata
512 890 659 968 possessio
686 891 791 951 auferri
814 885 944 952 debeat.>
990 889 1156 966 Aliquando
1179 890 1267 950 etiam
1288 891 1347 951 fur·
1383 894 1400 949 8

261 977 320 1038 tiva
346 979 393 1038 vel
418 978 446 1036 vi
474 996 611 1054 possessa
639 996 687 1037 res
715 977 838 1054 usucapi
864 983 973 1054 potest:
1005 975 1093 1036 veluti
1119 976 1144 1036 si
1174 975 1205 1036 in
1236 976 1348 1036 domini

262 1070 435 1141 potestatem
458 1082 574 1123 reversa
597 1061 691 1123 luerit.
725 1069 797 1123 tunc
819 1063 897 1122 enim
921 1062 989 1122 vitio
1010 1062 1052 1122 rei
1071 1069 1198 1139 purgato
1220 1062 1348 1140 procedit

262 1149 324 1210 eius
347 1148 497 1227 usucapio.
541 1148 601 1208 Res
623 1148 686 1209 fisci
704 1143 828 1208 ‘nostri'
844 1147 965 1224 usucapi
980 1167 1042 1208 non
1058 1154 1161 1224 potest.
1198 1148 1250 1209 sed
1265 1148 1347 1226 Papi·
1383 1153 1401 1208 9

262 1235 368 1296 nianus
391 1231 510 1296 scribit²
532 1234 619 1294 bonis
641 1235 813 1295 vacantibus
835 1231 928 1294 fisco³
951 1234 1084 1293 nondum
1107 1234 1248 1294 nuntiatis
1269 1235 1349 1295 bona

264 1321 320 1382 lide
334 1328 497 1399 emptorem
520 1321 575 1380 sibi
597 1321 735 1380 traditam
757 1339 820 1380 rem
844 1339 880 1380 ex
903 1319 949 1379 his
965 1318 1050 1378 bonis
1070 1338 1231 1396 usucapere
1246 1339 1347 1398 posse:

261 1415 290 1468 et
311 1407 351 1468 ita
374 1407 458 1468 divus
474 1406 543 1467 Pius
565 1413 595 1467 et
616 1405 722 1467 divus⁴
741 1405 867 1467 Severus
890 1412 919 1466 et
935 1405 1102 1466 Antoninus
1125 1404 1346 1482 rescripserunt.

260 1492 425 1554 Novissime
447 1492 600 1554 sciendum
622 1500 667 1553 est
688 1513 751 1554 rem
774 1493 864 1553 talem
887 1511 952 1552 esse
975 1491 1094 1564 debere,
1121 1497 1155 1550 ut
1176 1490 1207 1550 in
1230 1510 1262 1551 se
1284 1510 1345 1551 non
1367 1496 1401 1553 10

261 1579 368 1640 habeat
389 1579 507 1653 vitium,
537 1586 570 1639 ut
597 1598 615 1639 a
637 1581 716 1640 bona
738 1579 795 1640 fide
817 1585 950 1656 emptore
972 1576 1093 1654 usucapi
1116 1576 1209 1654 possit
1231 1577 1276 1637 vel
1298 1575 1348 1653 qui

260 1684 297 1725 ex
318 1666 376 1726 alia
396 1665 474 1726 iusta
496 1683 586 1725 causa
608 1665 746 1742 possidet.

325 1751 414 1812 Error
435 1758 535 1811 autem
561 1751 654 1811 lalsae
682 1771 789 1812 causae
814 1749 1026 1827 usucapionem
1055 1766 1116 1808 non
1144 1746 1227 1826 parit.
1260 1745 1348 1807 veluti
1367 1754 1399 1809 11

260 1837 285 1897 si
307 1837 382 1914 quis,
406 1856 475 1897 cum
496 1855 558 1896 non
581 1837 693 1910 emerit,
718 1837 825 1897 emisse
848 1855 880 1896 se
902 1835 1074 1896 existimans
1097 1831 1279 1911 possideam:
1303 1832 1347 1894 vel

260 1942 330 1983 cunr
352 1923 379 1982 ei
401 1923 545 1982 donatum
567 1940 628 1981 non
652 1921 755 1995 luerat,
778 1921 863 1997 quasi
886 1940 922 1980 ex
944 1920 1102 1980 donatione
1124 1919 1281 1997 possideat.

325 2003 460 2067 ‘Diutina
490 2000 662 2086 possessio',
692 2026 769 2084 quac
802 2006 942 2084 prodesse
972 2011 1108 2082 coeperat
1139 2004 1290 2078 defuncto,
1319 2011 1400 2065 et12

260 2093 361 2154 heredi
383 2098 411 2154 et
434 2094 581 2153 bonorum
601 2093 764 2170 possessori
778 2092 975 2165 continuatur,
999 2091 1065 2152 licet
1087 2091 1150 2168 ipse
1172 2090 1245 2152 sciat
1266 2109 1347 2167 prae·

262 2179 344 2239 dium
368 2179 511 2240 alienum:
539 2179 643 2256 quodsi
670 2179 718 2240 ille
744 2178 861 2239 initium
888 2179 998 2239 iustum
1021 2195 1082 2238 non
1104 2176 1220 2250 habuit,
1248 2176 1348 2238 heredi

261 2267 460 2327 othonorum
492 2265 654 2345 possessori
685 2266 751 2327 licet
781 2265 931 2343 ignoranti
958 2263 1102 2342 possessio
1130 2282 1192 2324 non
1219 2263 1346 2341 prodest.

261 2347 355 2429 ‘quod
369 2359 472 2413 nostra
487 2350 676 2412 constitutio⁸
699 2351 833 2412 similiter
854 2358 882 2410 et
903 2350 933 2410 in
954 2348 1183 2426 usucapionibus
1198 2348 1347 2410 observari

260 2438 419 2512 constituit,
443 2445 475 2499 ut
497 2445 631 2515 tempora
653 2432 886 2499 continuentur.>
925 2436 1002 2497 Inter
1026 2435 1205 2497 venditorem
1229 2445 1399 2512 quoque13

262 2530 292 2584 et
313 2531 476 2601 emptorem
499 2522 640 2600 coniungi
662 2531 794 2602 tempora
817 2522 901 2583 dinis
924 2521 1048 2582 Severus
1070 2527 1098 2581 et
1113 2520 1282 2581 Antoninus
1304 2539 1347 2580 re·

259 2610 448 2688 scripserunt.

326 2696 427 2759 Edicto
450 2696 507 2756 divi
528 2695 619 2756 Marci
647 2701 766 2755 cavetur
792 2713 875 2766 eum,
906 2693 954 2769 qui
982 2713 1000 2754 a
1030 2693 1100 2752 fisco
1127 2711 1191 2752 rem
1218 2690 1346 2752 alienam
1365 2703 1399 2758 14

259 2781 339 2856 emit,
363 2782 388 2841 si
410 2788 476 2859 post
498 2781 694 2842 venditionem
717 2779 953 2857 quinquennium
977 2777 1164 2856 praeterierit,
1189 2795 1276 2854 posse
1298 2776 1347 2836 do-

261 2867 376 2926 minum
398 2867 440 2927 rei
463 2887 513 2943 per
529 2865 751 2943 exceptionem⁷
767 2867 917 2942 repellere.
951 2860 1134 2925 ‘constitutio
1150 2869 1248 2922 autem
1265 2861 1347 2922 divae

259 2947 437 3012 ‘memoriae
458 2949 606 3011 Zenonis⁸
629 2951 704 3010 bene
726 2951 877 3028 prospexit
898 2949 954 3024 his,
977 2949 1028 3025 qui
1050 2967 1069 3007 a
1091 2948 1160 3008 fisco
1183 2966 1235 3024 per
1250 2947 1346 3006 vendi·

259 3032 386 3096 ‘tionem
409 3037 452 3096 vel
475 3035 665 3096 donationem
688 3037 732 3095 vel
755 3034 846 3095 alium
868 3035 985 3095 titulum
1008 3033 1117 3109 aliquid
1136 3031 1290 3110 accipiunt,
1313 3040 1347 3093 ut

261 3117 333 3201 ‘ipsi
356 3121 473 3199 quidem
497 3122 591 3182 securi
613 3121 712 3180 statim
734 3121 808 3180 fiant
829 3128 858 3181 et
880 3120 1002 3182 victores
1025 3118 1165 3193 existant,
1195 3119 1255 3179 sive
1278 3137 1345 3178 con·

259 3204 430 3270 <veniantur
451 3209 511 3269 sive
527 3207 727 3285 experiantur:
751 3207 890 3268 adversus
906 3205 1137 3267 sacratissimum
1152 3213 1251 3266 autem
1265 3224 1345 3266 acra·

258 3290 350 3355 ‘num
379 3314 475 3372 usque
503 3294 541 3355 ad
567 3293 794 3371 quadriennium
823 3293 909 3354 liceat
937 3293 1087 3354 intendere
1116 3292 1176 3365 his,
1211 3292 1261 3369 qui
1291 3311 1345 3368 pro

259 3375 404 3442 ‘dominio
433 3381 478 3442 vel
508 3380 671 3459 hypotheca
702 3399 806 3440 earum
835 3399 950 3454 rerum,
987 3398 1063 3456 quae
1091 3379 1235 3439 alienatae
1265 3385 1343 3452 sunt,

258 3461 438 3544 <putaverint
470 3467 526 3527 sibi
556 3467 701 3544 quasdam
733 3473 899 3544 competere
927 3466 1065 3526 actiones.
1111 3471 1214 3526 nostra
1246 3470 1345 3525 autem

259 3547 371 3614 ‘divina
386 3553 553 3614 constitutio
562 3551 584 3627 ⁰,
608 3572 698 3630 quarn
721 3572 816 3630 nuper
831 3551 1094 3630 promulgavimus,
1118 3551 1206 3612 etiam
1229 3552 1265 3612 de
1287 3551 1343 3626 his,

259 3633 324 3717 <qui
347 3660 364 3700 a
386 3646 488 3701 nostra
510 3639 554 3700 vel
577 3639 750 3700 venerabilis
765 3639 920 3716 Augustae
942 3639 1031 3699 domo
1047 3637 1155 3714 aliquid
1170 3637 1342 3714 acceperint,

259 3719 347 3786 <haec
369 3725 482 3799 statuit,
511 3745 587 3802 quae
612 3725 645 3784 in
666 3725 814 3785 fiscalibus
838 3723 1062 3784 alienationibus
1084 3723 1231 3801 praefatae
1253 3723 1344 3784 Zeno·

259 3805 380 3872 <nianae
402 3808 638 3872 constitutioni¹⁰
661 3805 872 3871 continentur.>

330 3961 585 4032 ¹eqna,0m.r⁷
651 3963 984 4029 managamma
1054 3959 1344 4028 mannassen

258 4033 270 4064 ⁴
287 4031 417 4084 θειότατοι
436 4036 457 4083 Θ
527 4034 538 4065 ⁸
555 4035 591 4084 cic
609 4033 644 4098 A,
660 4033 838 4100 possidotB⁰‚
856 4035 1007 4100 possideas*
1024 4031 1064 4081 Ta
1135 4030 1146 4062 ⁶
1166 4030 1228 4082 coc.
1241 4026 1342 4094 7,31‚1

259 4102 336 4222 :opaea
344 4099 743 4237 effippgffizfflfiztnssxcjgtsspe
756 4102 808 4152 AB
869 4103 879 4134 ⁸
901 4101 963 4154 coa.
977 4099 1001 4164 7,
1010 4097 1079 4163 37,2
1142 4101 1153 4132 ·
1167 4098 1229 4150 cod.
1242 4097 1266 4164 7,
1275 4095 1344 4161 37,3
