3309 4917
263 471 303 514 on
318 471 412 515 urmr.
429 471 514 515 rnsr.
788 454 829 513 57
1274 450 1351 518 11,11

264 624 349 684 divus
364 623 510 684 Traianus
522 621 636 684 Statilio
649 622 756 684 Severo
770 624 812 682 ita
826 623 988 700 rescripsit:
1005 620 1047 687 ‘Id
1063 623 1257 701 privilegium,
1274 625 1353 701 quod

264 707 469 770 ‘militantibus
496 710 597 770 datum
620 716 678 783 est,
706 716 738 769 ut
768 727 887 786 quoquo
916 710 1005 772 modo
1033 711 1109 771 facta
1136 711 1173 770 ab
1196 711 1243 771 his
1266 717 1352 771 testa·

264 793 376 856 ‘menta
397 803 461 855 rata
484 796 557 869 sint,
586 795 628 856 sic
650 795 781 873 intellegi
804 797 902 872 debet,
932 802 965 854 ut
987 796 1087 873 utique
1113 797 1194 873 prius
1216 805 1353 858 constare

264 880 377 943 ‘debeat
406 888 616 943 testamentum
646 882 757 942 facturn
786 901 867 956 esse,
903 881 981 958 quod
1010 890 1038 943 et
1068 883 1132 942 sine
1161 882 1305 959 scriptura
1334 905 1354 944 a

263 963 336 1028 ‘non
359 967 553 1028 militantibus
576 986 694 1044 quoque
715 967 777 1027 fieri
798 975 903 1045 potest.
943 967 968 1027 is
991 987 1063 1046 ergo
1085 969 1185 1042 miles,
1210 969 1247 1029 de
1269 970 1354 1030 cuius

262 1049 361 1115 ‘bonis
384 1055 461 1132 apud
483 1062 512 1115 te
534 1054 696 1130 quaeritur,
727 1054 752 1114 si
774 1054 942 1114 convocatis
965 1053 1001 1115 ad
1024 1056 1081 1115 hoc
1102 1054 1287 1129 hominibus,
1320 1064 1354 1116 nt

262 1135 454 1201 ‘voluntatem
483 1159 569 1200 suam
597 1147 766 1212 testaretur,
795 1139 836 1199 ita
864 1141 979 1200 locutus
1009 1147 1067 1214 est,
1098 1147 1130 1199 ut
1160 1141 1351 1216 declararet1,

261 1224 361 1303 ‘quem
385 1228 470 1288 vellet
492 1227 547 1288 sibi
570 1245 637 1286 esse
653 1227 790 1287 heredem
813 1233 842 1286 et
855 1227 901 1286 cui
916 1225 1081 1286 libertatern
1096 1227 1232 1301 tribuere,
1256 1235 1353 1304 potest

261 1309 362 1374 ‘videri
385 1313 449 1374 sine
470 1313 579 1391 scripto
601 1313 658 1373 hoc
680 1313 769 1373 modo
792 1330 859 1372 esse
876 1318 1001 1372 testatus
1017 1319 1045 1373 et
1060 1312 1196 1372 voluntas
1211 1314 1273 1374 eius
1289 1321 1355 1374 rata

261 1396 411 1459 ‘habenda
432 1405 486 1461 est.
521 1406 650 1459 ceterum
673 1399 708 1470 si,
731 1403 763 1457 ut
785 1399 959 1475 plerumque
981 1398 1168 1458 sermonibus
1190 1399 1252 1459 fieri
1268 1401 1352 1473 solet,

261 1482 345 1546 ‘dixit
360 1485 459 1547 alicui:
481 1479 551 1563 ‘ego
565 1492 595 1545 te
609 1485 748 1546 heredem
762 1481 850 1544 facio’
871 1490 922 1544 aut
944 1479 1006 1544 ‘tibi
1023 1483 1101 1545 bona
1116 1504 1184 1545 mea
1198 1483 1352 1562 relinquo‘,

261 1568 335 1632 ‘non
357 1578 472 1649 oportet
493 1571 551 1631 boc
571 1590 625 1648 pro
647 1577 824 1632 testamento
840 1571 999 1633 observari.
1033 1588 1088 1632 nec
1110 1571 1239 1631 ullorum
1255 1571 1353 1649 magis

261 1652 393 1719 ‘interest
414 1676 504 1733 quam
526 1657 668 1735 ipsorum,
693 1657 799 1734 quibus
820 1657 850 1716 id
872 1656 1057 1735 privilegium
1072 1657 1175 1717 datum
1197 1663 1252 1730 est,
1277 1657 1352 1718 eius·

261 1741 352 1804 ‘modi
381 1745 550 1820 exemplum
584 1763 645 1804 non
677 1743 806 1804 admitti:
842 1743 971 1820 alioquin
1003 1761 1066 1803 non
1099 1743 1254 1803 difficulter
1285 1751 1352 1820 post

261 1826 399 1890 ‘mortem
422 1830 543 1889 alicuius
572 1829 672 1889 militis
700 1836 790 1889 testes
812 1827 1000 1902 existerentss,
1032 1829 1080 1906 qui
1104 1829 1295 1890 adfirmarent
1321 1849 1353 1890 se

262 1911 391 1974 ‘audisse
417 1915 562 1974 dicentem
591 1915 718 1990 aliquem
749 1914 912 1990 relinquere
935 1934 966 1974 se
989 1917 1083 1987 bona,
1115 1915 1160 1974 cui
1184 1916 1280 1974 visum
1303 1916 1350 1990 sit,

261 1998 303 2061 ‘ct
324 2019 377 2077 per
404 2000 462 2061 hoc
488 2000 594 2061 iudicia
615 2019 683 2060 vera
710 1996 939 2061 subvertantur.³
984 2001 1062 2073 Quin
1085 2001 1177 2061 immo
1200 2008 1229 2061 et
1252 2009 1388 2071 mutus2

263 2094 292 2148 et
314 2087 421 2146 surdus
449 2084 556 2146 milcs³
582 2093 793 2148 testamentum
819 2087 916 2147 facere
943 2095 1078 2163 possunt.
1123 2087 1181 2148 Sed
1207 2087 1388 2158 hactenuss

261 2173 319 2234 hoc
341 2173 399 2232 illis
426 2193 444 2233 a
470 2173 680 2250 principalibus
706 2173 965 2234 constitutionibus
995 2173 1176 2246 conceditur,
1207 2179 1353 2250 quatenns

262 2259 390 2319 militant
418 2265 446 2320 et
473 2260 504 2319 in
534 2259 637 2320 castris
665 2259 789 2336 degunt:
823 2267 890 2337 post
919 2259 1092 2322 missionem
1123 2279 1190 2320 vero
1224 2261 1352 2320 veterani

261 2347 309 2405 vel
330 2352 413 2406 extra
435 2353 531 2406 castra
553 2346 578 2405 si
600 2345 709 2406 iaciant
731 2346 827 2406 adhuc
850 2346 1009 2407 militantes
1028 2353 1248 2418 testamentum,
1273 2365 1352 2406 com·

262 2431 346 2491 muni
369 2432 503 2492 omnium
526 2431 632 2493 civium
654 2431 860 2493 Romanorum
882 2433 945 2493 iure
960 2434 1056 2494 iacere
1071 2433 1187 2493 debent.
1222 2438 1250 2492 et
1273 2432 1352 2507 quod

262 2517 293 2577 in
322 2518 425 2578 castris
451 2518 572 2578 fecerint
601 2525 812 2579 testamentum
842 2538 903 2579 non
927 2519 1078 2578 communi
1100 2519 1176 2588 inre,
1208 2517 1258 2578 sed
1282 2536 1351 2594 quo·

262 2603 352 2664 modo
374 2604 531 2678 voluerint,
561 2610 629 2681 post
655 2604 828 2664 missionem
854 2604 932 2664 intra
961 2623 1073 2664 annum
1096 2611 1213 2663 tantum
1235 2604 1352 2668 valebit.

262 2690 331 2766 quid
354 2690 453 2767 igitur,
478 2691 503 2749 si
524 2690 603 2750 intra
625 2709 739 2750 annum
762 2690 880 2766 quidem
903 2690 1073 2762 decesserit,
1098 2689 1229 2750 condicio
1253 2695 1352 2750 autem

262 2776 362 2836 heredi
391 2776 536 2853 adscripta
562 2783 629 2852 post
656 2795 768 2836 annum
796 2775 942 2836 extiterit?
974 2795 1012 2836 an
1036 2776 1120 2851 quasi
1142 2774 1242 2835 militis
1265 2783 1351 2835 testa-

262 2868 398 2920 mentum
421 2862 534 2922 valeat?
558 2870 587 2922 et
608 2863 704 2939 placet
720 2863 816 2922 valere
831 2861 915 2937 qnasi
930 2861 1039 2924 militis,
1086 2861 1142 2922 Sed
1166 2868 1195 2921 et
1217 2860 1241 2920 si
1265 2859 1387 2937 qtris⁴4

261 2952 330 3007 ante
356 2946 490 3006 militiam
519 2966 580 3006 non
609 2947 671 3007 inre
702 2947 768 3007 iecit
796 2953 1007 3007 testamentum
1034 2952 1063 3006 et
1090 2946 1174 3006 miles
1201 2945 1295 3007 factus
1323 2953 1353 3006 et

260 3033 291 3092 in
314 3031 499 3108 expeditione
526 3032 638 3110 degens
666 3032 824 3109 resignavit
853 3033 925 3092 illud
948 3040 976 3093 et
999 3032 1143 3109 quaedam
1167 3031 1270 3092 adiecit
1292 3032 1352 3093 sive

260 3117 386 3178 detraxit
419 3119 465 3178 vel
498 3119 571 3179 alias
603 3118 761 3180 manifesta
793 3125 839 3179 est
871 3118 972 3178 militis
1005 3120 1141 3178 voluntas
1170 3119 1227 3179 hoc
1256 3119 1352 3180 valere

261 3204 395 3276 volentis,
418 3204 575 3265 dicendum
597 3213 642 3266 est
657 3205 753 3265 valere
768 3211 979 3265 testamentum
995 3205 1079 3282 quasi
1101 3224 1138 3265 ex
1160 3225 1237 3267 nova
1252 3205 1351 3266 militis

260 3293 421 3351 voluntate.
469 3289 621 3367 ⁵Denique
648 3298 677 3352 et
703 3291 781 3351 siin
803 3291 1028 3369 adrogationem
1050 3292 1136 3352 datus
1158 3291 1244 3352 fuerit
1266 3291 1350 3353 miles
1369 3303 1387 3358 5

260 3378 305 3437 vel
335 3377 412 3436 filius
441 3377 568 3437 familias
600 3377 802 3454 emancipatus
835 3386 892 3452 est,
928 3384 1139 3438 testamentum
1174 3378 1236 3438 eius
1268 3377 1352 3453 quasi

260 3463 361 3523 militis
384 3482 421 3523 ex
444 3482 521 3524 nova
543 3463 694 3525 voluntate
715 3465 792 3524 valet
814 3483 869 3524 nec
891 3463 1003 3524 videtur
1026 3464 1128 3541 capitis
1151 3463 1352 3524 deminutione

258 3548 374 3609 irritum
397 3549 469 3609 fieri.

324 3630 500 3696 ‘Sciendum
523 3642 622 3696 tamen
646 3642 700 3708 est,
724 3635 803 3710 quod
826 3635 863 3694 ad
883 3637 1052 3713 exemplum
1072 3635 1230 3696 castrensis
1246 3636 1350 3712 peculii
1369 3647 1386 3702 6

258 3716 337 3780 ‘tam
360 3722 521 3782 anteriores
541 3723 623 3800 leges
639 3741 729 3798 quarn
744 3720 919 3797 principales
935 3723 1157 3783 constitutiones
1174 3722 1351 3798 quibusdam

260 3802 383 3883 ‘quasit
406 3809 567 3869 castrensia
589 3808 732 3869 dederunt
758 3806 886 3882 peculia,
917 3807 1065 3883 quorum⁷
1088 3808 1265 3883 quibusdam
1288 3827 1351 3885 per·

330 3961 341 3994 ²
359 3960 467 4027 ricDr‘q.
484 3958 515 4024 Θ,
533 3962 645 4014 declaret
657 3961 717 4012 libri
779 3960 790 3990 ²
808 3959 926 4027 ricDr'q,
944 3962 1056 4014 existent
1068 3962 1129 4012 libri
1192 3960 1203 3991 ⁸
1221 3960 1256 4010 tio
1268 3957 1351 4025 1306,

260 4032 325 4082 muti
342 4037 369 4083 et
386 4032 459 4082 surdi
476 4031 571 4083 militae
592 4029 617 4081 Τ
683 4027 777 4096 ‘quid
800 4029 850 4095 TO,
869 4029 975 4096 quodB
1045 4029 1116 4090 ⁶55
1133 4030 1223 4081 cimilia
1234 4026 1350 4094 Dicte,

261 4097 329 4164 1,22
347 4099 490 4163 (Marcion.
510 4100 528 4151 l.
546 4098 564 4152 4
580 4098 650 4165 inat.)
721 4097 835 4166 ’φακῆ
855 4099 914 4151 dett.
932 4115 989 4150 cum
1010 4095 1043 4164 Θ,
1061 4116 1109 4151 orn.
1128 4098 1189 4150 libri
1260 4097 1351 4163 ⁷quo·

258 4166 327 4235 rum]
349 4168 394 4234 0⁶,
413 4185 446 4220 ex
463 4185 573 4235 quorum
591 4168 626 4234 B,
642 4174 668 4220 et
685 4185 795 4235 quornm
817 4167 871 4234 ΤΡ,
887 4168 937 4220 inc.
957 4167 996 4220 0⁰
