3309 4917
315 458 393 529 1V,ss
829 464 889 525 146
1363 480 1405 525 ns

313 642 448 715 oportere
469 642 498 697 et
519 632 583 695 aliis
605 632 781 710 quibusdam
804 633 915 696 modis:
937 641 988 695 aut
1009 652 1079 695 cum
1101 652 1139 694 eo
1158 633 1228 712 agit,
1252 633 1303 710 qui
1318 635 1404 695 nullo

314 722 377 783 iure
398 722 425 783 ei
447 721 595 799 obligatus
616 725 674 793 est,
702 726 801 781 movet
822 726 923 781 tamen
946 720 1032 781 alicui
1054 720 1091 782 de
1111 719 1211 797 aliqua
1232 739 1264 780 re
1287 727 1404 781 contro·

313 808 450 869 versiam.
483 826 543 884 quo
565 824 635 866 casu
658 805 790 883 proditae
808 806 938 867 actiones
953 805 984 866 in
998 824 1063 867 rem
1077 812 1158 867 sunt.
1193 806 1281 866 veluti
1297 806 1321 867 si
1337 826 1404 868 rem

313 894 497 973 corporalem
520 892 668 971 possideat
689 892 763 968 quis,
787 910 878 968 quam
900 892 995 953 Titius
1017 910 1104 952 suam
1125 910 1191 953 esse
1212 892 1348 966 affirmet,
1373 901 1404 954 et

314 1000 469 1059 possessor
490 977 645 1040 dominum
672 997 704 1038 se
730 996 795 1038 esse
822 978 913 1039 dicat:
947 997 1019 1038 nam
1048 978 1073 1038 si
1096 978 1191 1038 Titius
1219 996 1306 1039 suam
1336 996 1404 1040 esse

279 1066 455 1139 tintendat,
478 1065 509 1125 in
530 1083 595 1125 rem
616 1063 691 1125 actio
713 1070 768 1124 est.
805 1063 908 1141 Aeque
929 1064 954 1124 si
977 1064 1113 1141 agetius
1135 1064 1191 1125 sibi
1213 1083 1279 1125 esse
1307 1065 1403 1126 fundo

313 1152 387 1213 forte
409 1153 453 1211 vel
477 1151 598 1213 aedibus
623 1149 725 1211 utendi
752 1150 867 1211 fruendi
893 1151 939 1211 vel
967 1170 1019 1229 per
1044 1150 1172 1211 fundum
1199 1149 1285 1210 vicini
1313 1153 1404 1211 erudi

313 1237 420 1313 mendi
442 1238 545 1299 velex
567 1237 659 1297 fundo
681 1235 766 1296 vicini
789 1255 899 1314 aquam
925 1236 1063 1310 ducendi,
1091 1237 1123 1296 in
1150 1253 1213 1297 rem
1241 1237 1315 1297 actio
1345 1247 1400 1298 est.

313 1323 445 1384 eiusdem
467 1323 585 1402 generis
606 1329 651 1383 est
673 1322 747 1383 actio
767 1322 804 1383 de
818 1322 881 1383 iure
893 1322 1081 1402 praediorum
1096 1323 1289 1395 urbanorum,
1313 1324 1402 1384 veluti

314 1409 338 1469 si
360 1417 431 1488 agat
453 1410 498 1469 ius
527 1408 581 1468 sibi
608 1428 673 1469 esse
698 1408 786 1469 altius
814 1409 901 1469 aedes
928 1428 997 1469 suas
1023 1408 1144 1469 tollendi
1170 1408 1402 1485 prospiciendive

312 1496 358 1556 vel
381 1495 539 1572 proiciendi
568 1493 676 1571 aliquid
705 1495 751 1553 vel
777 1494 954 1555 immittendi
982 1494 1014 1554 in
1040 1494 1127 1554 ricini
1155 1494 1252 1555 aedes
1297 1502 1402 1556 contra

314 1601 431 1659 quoque
455 1581 492 1641 de
513 1600 569 1641 usu
591 1580 687 1640 lructu
710 1586 738 1639 et
752 1580 789 1640 de
803 1581 991 1640 servitutibus
1005 1580 1194 1657 praediorum
1209 1580 1398 1655 rusticorum,

313 1668 383 1728 item
418 1666 604 1744 praediorum
637 1665 821 1726 urbanorum
854 1666 980 1727 invicem
1012 1685 1131 1743 quoque
1164 1666 1295 1744 proditae
1331 1677 1402 1728 sunt

314 1754 457 1826 aetianae,
494 1759 527 1812 ut
560 1751 625 1828 quis
659 1750 791 1811 intendat
824 1752 871 1812 ius
905 1771 965 1812 non
998 1771 1065 1813 esse
1101 1752 1268 1813 adversario
1298 1754 1401 1814 utendi

312 1838 441 1913 fruendi,
476 1837 565 1899 eundi
591 1836 696 1913 agendi
723 1857 867 1914 aquamve
893 1838 1031 1911 ducendi,
1065 1838 1136 1899 item
1163 1840 1250 1899 altius
1279 1841 1401 1901 tollendi

313 1924 508 2003 prospiciendi
529 1922 688 2002 proiciendi
710 1923 900 1986 immittendi:
922 1924 996 1985 istae
1010 1944 1128 2002 quoque
1144 1926 1274 1985 actiones
1289 1926 1319 1985 in
1336 1945 1401 1987 rem

313 2018 392 2084 sunt,
416 2010 468 2071 sed
491 2010 653 2088 negativae.
689 2010 767 2087 quod
783 2030 879 2088 genus
895 2010 1018 2071 actionis
1032 2010 1064 2070 in
1078 2011 1284 2072 controversiis
1299 2032 1400 2072 rerum

313 2097 509 2175 corporalium
531 2096 681 2174 proditum
702 2114 763 2155 non
787 2103 846 2157 est:
876 2096 1001 2157 namin
1024 2096 1071 2156 his
1098 2096 1144 2157 ἰε1
1174 2098 1237 2175 agit
1260 2098 1312 2174 qui
1339 2117 1400 2157 non

313 2184 454 2262 possidet:
477 2183 504 2243 ei
525 2201 594 2242 vero
616 2182 666 2259 qui
687 2182 817 2258 possidet
839 2202 900 2242 non
924 2190 970 2242 est
993 2183 1068 2243 actio
1090 2182 1214 2261 prodita,
1237 2202 1401 2261 perquam

312 2276 398 2345 neget
419 2287 484 2329 rem
506 2268 612 2328 actoris
627 2285 700 2328 esse.
736 2286 807 2327 sane
822 2286 883 2327 uno
899 2287 969 2328 casu
985 2268 1035 2345 qui
1050 2269 1179 2346 possidet
1193 2269 1285 2330 nihilo
1301 2270 1401 2329 minus

313 2354 419 2415 actoris
450 2361 549 2431 partes
579 2352 703 2430 optinet,
734 2347 824 2413 ‘sicut
856 2354 886 2413 in
916 2353 1069 2415 latioribus
1102 2355 1281 2432 digestorum
1317 2356 1399 2416 libris

276 2436 521 2519 3‘opportunius
552 2438 711 2518 apparebit.
756 2438 813 2499 Sed
844 2440 918 2501 istae
946 2440 1066 2517 quidem
1097 2443 1242 2515 actiones,
1273 2461 1401 2518 quarum

311 2522 509 2588 ‘mentionem
529 2526 698 2598 habuimus,
721 2532 750 2585 ct
773 2526 797 2585 si
820 2546 898 2603 quae
920 2535 990 2587 sunt
1012 2527 1132 2601 similes,
1156 2547 1193 2588 ex
1208 2527 1347 2605 legitimis
1371 2536 1400 2588 et

310 2608 458 2675 ‘civilibus
480 2613 577 2673 causis
599 2612 789 2673 descendunt.
824 2613 899 2673 aliae
921 2620 1021 2674 autem
1037 2621 1117 2687 sunt,
1141 2632 1215 2689 quas
1230 2619 1347 2691 praetor
1363 2634 1400 2673 ex

311 2694 381 2759 ‘sua
402 2698 600 2759 iurisdictione
622 2706 806 2775 comparatas
831 2699 921 2760 habet
941 2707 1004 2760 tam
1025 2698 1057 2759 in
1082 2718 1144 2759 rem
1167 2717 1257 2775 quam
1281 2698 1312 2758 in
1335 2718 1400 2776 per·

311 2779 445 2857 ‘sonam,
473 2803 547 2861 quas
573 2791 602 2844 et
629 2784 708 2861 ipsas
734 2784 937 2846 necessarium
964 2792 1008 2845 est
1030 2784 1176 2863 exemplis
1199 2780 1400 2845 οεῑειιιίεεε.)2

311 2890 378 2934 ecce
398 2865 601 2949 ‘plerumque'
624 2870 664 2929 ita
684 2870 823 2948 permittit
838 2871 867 2931 in
884 2889 946 2932 rem
963 2890 1060 2947 agere,
1084 2879 1116 2932 ut
1131 2872 1176 2932 vel
1192 2878 1274 2932 actor
1289 2871 1398 2932 decret

311 2978 344 3019 se
365 2957 449 3035 quasi
471 2977 527 3018 usu
550 2956 675 3033 cepisse,
708 2957 786 3033 quod
815 2976 871 3017 usu
899 2976 961 3017 non
987 2956 1110 3034 ceperit,
1143 2958 1188 3017 vel
1217 2977 1254 3018 ex
1282 2959 1397 3018 diverso

311 3041 484 3122 possessor³
507 3042 613 3103 diceret
636 3043 836 3103 adversarium
858 3062 945 3103 suum
970 3062 1026 3103 usu
1043 3062 1102 3103 non
1119 3043 1230 3120 cepisse
1245 3044 1322 3120 quod
1341 3063 1398 3103 usu

277 3141 295 3193 4
313 3130 429 3208 ceperit.
463 3128 600 3205 Namque
622 3130 646 3188 si
669 3130 715 3189 cui
737 3148 773 3189 ex
795 3129 872 3189 iusta
894 3148 983 3189 causa
1005 3148 1052 3189 res
1067 3129 1164 3206 aliqua
1178 3129 1286 3189 tradita
1301 3129 1396 3200 fuerit,

312 3214 399 3275 veluti
422 3234 458 3275 ex
487 3233 577 3274 causa
603 3215 758 3292 emptionis
785 3222 836 3275 aut
864 3215 1030 3276 donationis
1059 3223 1110 3275 aut
1137 3214 1214 3275 dotis
1245 3222 1294 3275 aut
1322 3216 1398 3289 lega·

312 3308 423 3375 torum,
449 3301 573 3360 necdum
597 3300 659 3359 eius
682 3300 724 3359 rei
746 3300 884 3361 dominus
907 3300 1026 3360 effectus
1049 3307 1105 3374 est,
1129 3301 1155 3360 si
1177 3300 1240 3359 eius
1262 3300 1303 3359 rei
1326 3317 1396 3357 casu

311 3387 528 3465 possessionem
552 3384 690 3457 amiserit,
714 3386 828 3444 nullam
851 3386 940 3447 habet
962 3386 1103 3446 directam
1125 3387 1157 3446 in
1172 3404 1235 3444 rem
1250 3384 1396 3443 actionem

312 3473 349 3533 ad
371 3492 437 3533 eam
459 3492 523 3531 rem
546 3470 795 3548 persequendam:
820 3472 927 3549 quippe
949 3472 989 3531 ita
1011 3473 1141 3549 proditae
1162 3475 1231 3530 sunt
1245 3469 1308 3527 iure
1324 3468 1398 3530 civili

312 3558 451 3629 actiones
473 3565 504 3616 ut
520 3556 584 3633 quis
600 3555 765 3616 dominium
780 3576 869 3617 suum
884 3558 1017 3619 vindicet.
1051 3557 1103 3617 sed
1118 3555 1187 3632 quia
1202 3573 1274 3614 sane
1289 3555 1398 3614 durum

312 3651 375 3705 erat
398 3662 432 3703 eo
455 3661 525 3703 casu
548 3643 670 3703 deficere
697 3644 859 3716 actionem,
889 3643 1008 3703 inventa
1037 3651 1082 3703 est
1103 3662 1122 3701 a
1148 3650 1284 3716 praetore
1313 3642 1397 3714 actio,

312 3730 343 3790 in
366 3748 425 3805 qua
447 3728 513 3787 dicit
536 3728 574 3808 ie,
597 3728 647 3805 qui
670 3728 889 3806 possessiouem
911 3729 1021 3801 amisit,
1045 3747 1109 3787 eam
1133 3745 1196 3786 rem
1220 3745 1252 3786 se
1275 3746 1332 3786 usu
1355 3746 1398 3787 ce·

312 3816 391 3894 pisse
413 3820 441 3875 et
464 3814 503 3873 ita
524 3814 651 3873 vindicat
673 3833 758 3873 suam
781 3832 854 3874 esse.
890 3833 966 3890 quae
989 3814 1063 3874 actio
1079 3812 1250 3873 Publiciana
1272 3813 1398 3890 appella-

313 3911 374 3975 tur,
402 3900 542 3978 quoniam
565 3900 693 3977 primum
715 3920 733 3960 a
755 3899 886 3961 Publicio
908 3908 1041 3977 praetore
1068 3900 1099 3960 in
1129 3899 1222 3959 edicto
1250 3898 1399 3976 proposita

280 3999 297 4053 5
315 3996 367 4050 est.
405 3986 520 4047 Rursus
542 4006 577 4047 ex
600 3986 713 4048 diverso
737 3987 761 4047 si
784 3986 859 4065 quis,
883 4006 950 4047 cum
972 3987 1012 4047 rei
1028 3986 1162 4065 publicae
1177 4004 1267 4045 causa
1282 3986 1399 4045 abesset

384 4125 435 4177 1is
452 4142 501 4177 om.
517 4124 542 4175 B
621 4122 682 4159 ²⁰
702 4125 856 4178 Iustinianir
878 4126 966 4177 tribuit
982 4126 1089 4177 Ferriai
1168 4123 1328 4191 'possessor
1346 4122 1398 4172 del.

314 4193 470 4260 Bacltoviua
488 4196 523 4262 cf.
539 4190 563 4246 Θ
