<?xml version="1.0" encoding="UTF-8"?>
<!DOCTYPE html PUBLIC "-//W3C//DTD XHTML 1.0 Transitional//EN"
    "http://www.w3.org/TR/xhtml1/DTD/xhtml1-transitional.dtd">
<html xmlns="http://www.w3.org/1999/xhtml" xml:lang="en" lang="en">
 <head>
  <title>
</title>
<meta http-equiv="Content-Type" content="text/html;charset=utf-8" />
  <meta name='ocr-system' content='tesseract 3.04.00' />
  <meta name='ocr-capabilities' content='ocr_page ocr_carea ocr_par ocr_line ocrx_word'/>
</head>
<body>
  <div class='ocr_page' id='page_1' title='image "./iustinianiinsti00kruegoog_0080.png"; bbox 0 0 3309 4917; ppageno 0'>
   <div class='ocr_carea' id='block_1_1' title="bbox 276 432 1360 530">
    <p class='ocr_par' dir='ltr' id='par_1_1' title="bbox 276 432 1360 530">
     <span class='ocr_line' id='line_1_1' title="bbox 276 432 1360 530; baseline 0.01 -45"><span class='ocrx_word' id='word_1_1' title='bbox 276 432 313 497; x_wconf 89' lang='lat'>11,</span> <span class='ocrx_word' id='word_1_2' title='bbox 328 433 361 486; x_wconf 81' lang='lat'>17</span> <span class='ocrx_word' id='word_1_3' title='bbox 715 433 923 530; x_wconf 48' lang='lat' dir='ltr'>*hs—</span> <span class='ocrx_word' id='word_1_4' title='bbox 1015 451 1094 505; x_wconf 81' lang='lat' dir='ltr'>cura.</span> <span class='ocrx_word' id='word_1_5' title='bbox 1111 451 1184 496; x_wconf 88' lang='lat' dir='ltr'>nou.</span> <span class='ocrx_word' id='word_1_6' title='bbox 1200 451 1285 496; x_wconf 79' lang='lat' dir='ltr'>rasa.</span> <span class='ocrx_word' id='word_1_7' title='bbox 1301 453 1360 498; x_wconf 80' lang='lat' dir='ltr'>uu.</span> 
     </span>
    </p>
   </div>
   <div class='ocr_carea' id='block_1_2' title="bbox 194 601 1367 3952">
    <p class='ocr_par' dir='ltr' id='par_1_2' title="bbox 194 601 1367 3952">
     <span class='ocr_line' id='line_1_2' title="bbox 276 601 1362 684; baseline 0.001 -17"><span class='ocrx_word' id='word_1_8' title='bbox 276 603 386 668; x_wconf 85' lang='lat' dir='ltr'>‘tentus</span> <span class='ocrx_word' id='word_1_9' title='bbox 415 606 503 666; x_wconf 89' lang='lat' dir='ltr'>rebus</span> <span class='ocrx_word' id='word_1_10' title='bbox 532 601 589 665; x_wconf 90' lang='lat' dir='ltr'>sihi</span> <span class='ocrx_word' id='word_1_11' title='bbox 615 605 689 666; x_wconf 85' lang='lat' dir='ltr'>datis</span> <span class='ocrx_word' id='word_1_12' title='bbox 716 613 766 666; x_wconf 87' lang='lat' dir='ltr'>aut</span> <span class='ocrx_word' id='word_1_13' title='bbox 792 608 928 684; x_wconf 89' lang='lat' dir='ltr'>suppleta</span> <span class='ocrx_word' id='word_1_14' title='bbox 955 611 1059 681; x_wconf 86' lang='lat' dir='ltr'>quarta</span> <span class='ocrx_word' id='word_1_15' title='bbox 1086 624 1122 666; x_wconf 87' lang='lat' dir='ltr'>ex</span> <span class='ocrx_word' id='word_1_16' title='bbox 1145 606 1211 682; x_wconf 87' lang='lat' dir='ltr'>lege</span> <span class='ocrx_word' id='word_1_17' title='bbox 1232 606 1362 669; x_wconf 79' lang='lat' dir='ltr'>Falcidia</span> 
     </span>
     <span class='ocr_line' id='line_1_3' title="bbox 276 689 1361 770; baseline 0.002 -18"><span class='ocrx_word' id='word_1_18' title='bbox 276 689 479 753; x_wconf 83' lang='lat' dir='ltr'>‘hereditatem</span> <span class='ocrx_word' id='word_1_19' title='bbox 502 691 635 752; x_wconf 89' lang='lat' dir='ltr'>restituat</span> <span class='ocrx_word' id='word_1_20' title='bbox 656 691 712 766; x_wconf 90' lang='lat' dir='ltr'>his,</span> <span class='ocrx_word' id='word_1_21' title='bbox 736 692 786 768; x_wconf 94' lang='lat' dir='ltr'>qui</span> <span class='ocrx_word' id='word_1_22' title='bbox 808 692 839 752; x_wconf 91' lang='lat' dir='ltr'>in</span> <span class='ocrx_word' id='word_1_23' title='bbox 861 692 957 769; x_wconf 88' lang='lat' dir='ltr'>priore</span> <span class='ocrx_word' id='word_1_24' title='bbox 979 697 1156 753; x_wconf 85' lang='lat' dir='ltr'>testamento</span> <span class='ocrx_word' id='word_1_25' title='bbox 1179 691 1277 770; x_wconf 87' lang='lat' dir='ltr'>scripti</span> <span class='ocrx_word' id='word_1_26' title='bbox 1299 693 1361 754; x_wconf 88' lang='lat' dir='ltr'>fue·</span> 
     </span>
     <span class='ocr_line' id='line_1_4' title="bbox 275 777 1363 856; baseline 0.001 -16"><span class='ocrx_word' id='word_1_27' title='bbox 275 777 367 852; x_wconf 79' lang='lat' dir='ltr'>‘rant,</span> <span class='ocrx_word' id='word_1_28' title='bbox 401 783 519 856; x_wconf 88' lang='lat' dir='ltr'>propter</span> <span class='ocrx_word' id='word_1_29' title='bbox 550 777 660 838; x_wconf 89' lang='lat' dir='ltr'>inserta</span> <span class='ocrx_word' id='word_1_30' title='bbox 689 779 777 839; x_wconf 85' lang='lat' dir='ltr'>rerba</span> <span class='ocrx_word' id='word_1_31' title='bbox 807 779 938 839; x_wconf 91' lang='lat' dir='ltr'>secundo</span> <span class='ocrx_word' id='word_1_32' title='bbox 969 784 1158 850; x_wconf 86' lang='lat' dir='ltr'>testamento,</span> <span class='ocrx_word' id='word_1_33' title='bbox 1192 779 1300 855; x_wconf 90' lang='lat' dir='ltr'>quibus</span> <span class='ocrx_word' id='word_1_34' title='bbox 1329 787 1363 841; x_wconf 90' lang='lat' dir='ltr'>ut</span> 
     </span>
     <span class='ocr_line' id='line_1_5' title="bbox 276 861 1363 942; baseline 0.002 -18"><span class='ocrx_word' id='word_1_35' title='bbox 276 861 395 924; x_wconf 83' lang='lat' dir='ltr'>‘valeret</span> <span class='ocrx_word' id='word_1_36' title='bbox 410 863 490 941; x_wconf 92' lang='lat' dir='ltr'>prius</span> <span class='ocrx_word' id='word_1_37' title='bbox 505 870 714 925; x_wconf 88' lang='lat' dir='ltr'>testamentum</span> <span class='ocrx_word' id='word_1_38' title='bbox 730 883 903 942; x_wconf 84' lang='lat' dir='ltr'>expressum</span> <span class='ocrx_word' id='word_1_39' title='bbox 919 872 972 938; x_wconf 89' lang='lat' dir='ltr'>est,</span> <span class='ocrx_word' id='word_1_40' title='bbox 996 863 1122 924; x_wconf 90' lang='lat' dir='ltr'>dubitari</span> <span class='ocrx_word' id='word_1_41' title='bbox 1143 883 1204 924; x_wconf 89' lang='lat' dir='ltr'>non</span> <span class='ocrx_word' id='word_1_42' title='bbox 1226 863 1363 942; x_wconf 67' lang='lat' dir='ltr'>oportet?</span> 
     </span>
     <span class='ocr_line' id='line_1_6' title="bbox 242 945 1364 1028; baseline 0.001 -17"><span class='ocrx_word' id='word_1_43' title='bbox 242 947 322 1011; x_wconf 77' lang='lat' dir='ltr'>4‘et</span> <span class='ocrx_word' id='word_1_44' title='bbox 343 957 463 1028; x_wconf 88' lang='lat' dir='ltr'>ruptum</span> <span class='ocrx_word' id='word_1_45' title='bbox 485 949 603 1027; x_wconf 91' lang='lat' dir='ltr'>quidem</span> <span class='ocrx_word' id='word_1_46' title='bbox 625 957 836 1011; x_wconf 86' lang='lat' dir='ltr'>testamentum</span> <span class='ocrx_word' id='word_1_47' title='bbox 863 951 920 1012; x_wconf 90' lang='lat' dir='ltr'>hoc</span> <span class='ocrx_word' id='word_1_48' title='bbox 947 951 1036 1011; x_wconf 90' lang='lat' dir='ltr'>modo</span> <span class='ocrx_word' id='word_1_49' title='bbox 1065 945 1213 1012; x_wconf 85' lang='lat' dir='ltr'>eflicitur.&gt;</span> <span class='ocrx_word' id='word_1_50' title='bbox 1267 947 1364 1012; x_wconf 58' lang='lat' dir='ltr'>appo</span> 
     </span>
     <span class='ocr_line' id='line_1_7' title="bbox 279 1035 1363 1114; baseline 0.002 -18"><span class='ocrx_word' id='word_1_51' title='bbox 279 1035 411 1114; x_wconf 65' lang='lat' dir='ltr'>*quoque</span> <span class='ocrx_word' id='word_1_52' title='bbox 433 1036 521 1096; x_wconf 92' lang='lat' dir='ltr'>modo</span> <span class='ocrx_word' id='word_1_53' title='bbox 544 1042 719 1097; x_wconf 86' lang='lat' dir='ltr'>testamenta</span> <span class='ocrx_word' id='word_1_54' title='bbox 740 1037 804 1098; x_wconf 88' lang='lat' dir='ltr'>iure</span> <span class='ocrx_word' id='word_1_55' title='bbox 825 1037 900 1097; x_wconf 86' lang='lat' dir='ltr'>facta</span> <span class='ocrx_word' id='word_1_56' title='bbox 921 1036 1116 1110; x_wconf 86' lang='lat' dir='ltr'>infirmantur,</span> <span class='ocrx_word' id='word_1_57' title='bbox 1140 1036 1227 1097; x_wconf 90' lang='lat' dir='ltr'>veluti</span> <span class='ocrx_word' id='word_1_58' title='bbox 1246 1056 1314 1098; x_wconf 90' lang='lat' dir='ltr'>cum</span> <span class='ocrx_word' id='word_1_59' title='bbox 1335 1037 1363 1098; x_wconf 89' lang='lat' dir='ltr'>is</span> 
     </span>
     <span class='ocr_line' id='line_1_8' title="bbox 279 1120 1362 1201; baseline 0.003 -20"><span class='ocrx_word' id='word_1_60' title='bbox 279 1120 345 1200; x_wconf 65' lang='lat' dir='ltr'>*qui</span> <span class='ocrx_word' id='word_1_61' title='bbox 372 1122 471 1182; x_wconf 86' lang='lat' dir='ltr'>lecerit</span> <span class='ocrx_word' id='word_1_62' title='bbox 497 1128 707 1183; x_wconf 86' lang='lat' dir='ltr'>testamentum</span> <span class='ocrx_word' id='word_1_63' title='bbox 736 1123 828 1201; x_wconf 88' lang='lat' dir='ltr'>capite</span> <span class='ocrx_word' id='word_1_64' title='bbox 858 1123 1026 1183; x_wconf 79' lang='lat' dir='ltr'>deminutus</span> <span class='ocrx_word' id='word_1_65' title='bbox 1055 1122 1100 1183; x_wconf 87' lang='lat' dir='ltr'>sit.</span> <span class='ocrx_word' id='word_1_66' title='bbox 1147 1123 1225 1198; x_wconf 91' lang='lat' dir='ltr'>quod</span> <span class='ocrx_word' id='word_1_67' title='bbox 1254 1124 1362 1200; x_wconf 89' lang='lat' dir='ltr'>quibus</span> 
     </span>
     <span class='ocr_line' id='line_1_9' title="bbox 244 1206 1363 1285; baseline 0.001 -16"><span class='ocrx_word' id='word_1_68' title='bbox 244 1215 261 1269; x_wconf 88' lang='lat'>5</span> <span class='ocrx_word' id='word_1_69' title='bbox 280 1206 391 1268; x_wconf 61' lang='lat' dir='ltr'>*modis</span> <span class='ocrx_word' id='word_1_70' title='bbox 414 1208 525 1281; x_wconf 85' lang='lat' dir='ltr'>accidit,</span> <span class='ocrx_word' id='word_1_71' title='bbox 548 1211 643 1285; x_wconf 93' lang='lat' dir='ltr'>primo</span> <span class='ocrx_word' id='word_1_72' title='bbox 665 1209 740 1269; x_wconf 91' lang='lat' dir='ltr'>libro</span> <span class='ocrx_word' id='word_1_73' title='bbox 763 1209 929 1269; x_wconf 86' lang='lat' dir='ltr'>rettulimus</span> <span class='ocrx_word' id='word_1_74' title='bbox 937 1206 960 1270; x_wconf 77' lang='lat'>2.</span> <span class='ocrx_word' id='word_1_75' title='bbox 996 1209 1059 1268; x_wconf 90' lang='lat' dir='ltr'>Hoc</span> <span class='ocrx_word' id='word_1_76' title='bbox 1082 1215 1181 1268; x_wconf 89' lang='lat' dir='ltr'>autem</span> <span class='ocrx_word' id='word_1_77' title='bbox 1197 1228 1266 1269; x_wconf 86' lang='lat' dir='ltr'>casu</span> <span class='ocrx_word' id='word_1_78' title='bbox 1282 1209 1363 1270; x_wconf 88' lang='lat' dir='ltr'>irrita</span> 
     </span>
     <span class='ocr_line' id='line_1_10' title="bbox 280 1291 1362 1372; baseline 0.001 -17"><span class='ocrx_word' id='word_1_79' title='bbox 280 1291 357 1355; x_wconf 69' lang='lat' dir='ltr'>*fieri</span> <span class='ocrx_word' id='word_1_80' title='bbox 372 1301 547 1354; x_wconf 88' lang='lat' dir='ltr'>testamenta</span> <span class='ocrx_word' id='word_1_81' title='bbox 562 1295 706 1369; x_wconf 86' lang='lat' dir='ltr'>dicuutur,</span> <span class='ocrx_word' id='word_1_82' title='bbox 729 1314 797 1356; x_wconf 92' lang='lat' dir='ltr'>cum</span> <span class='ocrx_word' id='word_1_83' title='bbox 813 1295 941 1372; x_wconf 92' lang='lat' dir='ltr'>alioquin</span> <span class='ocrx_word' id='word_1_84' title='bbox 957 1302 985 1355; x_wconf 89' lang='lat' dir='ltr'>et</span> <span class='ocrx_word' id='word_1_85' title='bbox 1000 1314 1076 1370; x_wconf 92' lang='lat' dir='ltr'>quae</span> <span class='ocrx_word' id='word_1_86' title='bbox 1090 1302 1268 1371; x_wconf 90' lang='lat' dir='ltr'>rumpuntur</span> <span class='ocrx_word' id='word_1_87' title='bbox 1282 1296 1362 1356; x_wconf 89' lang='lat' dir='ltr'>irrita</span> 
     </span>
     <span class='ocr_line' id='line_1_11' title="bbox 280 1378 1364 1457; baseline 0.003 -17"><span class='ocrx_word' id='word_1_88' title='bbox 280 1378 367 1440; x_wconf 59' lang='lat' dir='ltr'>*fiant</span> <span class='ocrx_word' id='word_1_89' title='bbox 389 1388 417 1440; x_wconf 87' lang='lat' dir='ltr'>et</span> <span class='ocrx_word' id='word_1_90' title='bbox 439 1400 515 1457; x_wconf 86' lang='lat' dir='ltr'>quae</span> <span class='ocrx_word' id='word_1_91' title='bbox 540 1381 639 1441; x_wconf 87' lang='lat' dir='ltr'>statim</span> <span class='ocrx_word' id='word_1_92' title='bbox 661 1383 698 1441; x_wconf 92' lang='lat' dir='ltr'>ab</span> <span class='ocrx_word' id='word_1_93' title='bbox 723 1382 804 1440; x_wconf 86' lang='lat' dir='ltr'>initio</span> <span class='ocrx_word' id='word_1_94' title='bbox 828 1400 890 1441; x_wconf 91' lang='lat' dir='ltr'>non</span> <span class='ocrx_word' id='word_1_95' title='bbox 912 1380 975 1440; x_wconf 90' lang='lat' dir='ltr'>iure</span> <span class='ocrx_word' id='word_1_96' title='bbox 997 1380 1071 1441; x_wconf 88' lang='lat' dir='ltr'>fiunt</span> <span class='ocrx_word' id='word_1_97' title='bbox 1092 1380 1172 1441; x_wconf 89' lang='lat' dir='ltr'>irrita</span> <span class='ocrx_word' id='word_1_98' title='bbox 1200 1389 1282 1442; x_wconf 89' lang='lat' dir='ltr'>sunt:</span> <span class='ocrx_word' id='word_1_99' title='bbox 1313 1379 1364 1443; x_wconf 76' lang='lat' dir='ltr'>el³</span> 
     </span>
     <span class='ocr_line' id='line_1_12' title="bbox 280 1464 1361 1544; baseline 0.001 -17"><span class='ocrx_word' id='word_1_100' title='bbox 280 1464 330 1528; x_wconf 58' lang='lat' dir='ltr'>*ea</span> <span class='ocrx_word' id='word_1_101' title='bbox 352 1486 427 1544; x_wconf 89' lang='lat' dir='ltr'>quae</span> <span class='ocrx_word' id='word_1_102' title='bbox 449 1467 511 1527; x_wconf 90' lang='lat' dir='ltr'>iure</span> <span class='ocrx_word' id='word_1_103' title='bbox 525 1466 601 1527; x_wconf 89' lang='lat' dir='ltr'>facta</span> <span class='ocrx_word' id='word_1_104' title='bbox 616 1475 686 1528; x_wconf 94' lang='lat' dir='ltr'>sunt</span> <span class='ocrx_word' id='word_1_105' title='bbox 693 1465 716 1540; x_wconf 74' lang='lat'>⁴,</span> <span class='ocrx_word' id='word_1_106' title='bbox 740 1465 864 1543; x_wconf 85' lang='lat' dir='ltr'>postea⁵</span> <span class='ocrx_word' id='word_1_107' title='bbox 880 1473 997 1544; x_wconf 86' lang='lat' dir='ltr'>propter</span> <span class='ocrx_word' id='word_1_108' title='bbox 1012 1466 1113 1543; x_wconf 87' lang='lat' dir='ltr'>capitis</span> <span class='ocrx_word' id='word_1_109' title='bbox 1130 1467 1361 1528; x_wconf 83' lang='lat' dir='ltr'>deminutionem</span> 
     </span>
     <span class='ocr_line' id='line_1_13' title="bbox 280 1550 1362 1631; baseline 0 -18"><span class='ocrx_word' id='word_1_110' title='bbox 280 1550 375 1614; x_wconf 64' lang='lat' dir='ltr'>*irrita</span> <span class='ocrx_word' id='word_1_111' title='bbox 402 1553 488 1626; x_wconf 85' lang='lat' dir='ltr'>fiunt,</span> <span class='ocrx_word' id='word_1_112' title='bbox 519 1572 677 1630; x_wconf 90' lang='lat' dir='ltr'>possumus</span> <span class='ocrx_word' id='word_1_113' title='bbox 703 1553 795 1613; x_wconf 86' lang='lat' dir='ltr'>nihilo</span> <span class='ocrx_word' id='word_1_114' title='bbox 821 1552 921 1613; x_wconf 90' lang='lat' dir='ltr'>minus</span> <span class='ocrx_word' id='word_1_115' title='bbox 948 1559 1034 1628; x_wconf 88' lang='lat' dir='ltr'>rupta</span> <span class='ocrx_word' id='word_1_116' title='bbox 1062 1553 1165 1614; x_wconf 82' lang='lat' dir='ltr'>dicere.</span> <span class='ocrx_word' id='word_1_117' title='bbox 1211 1554 1263 1613; x_wconf 87' lang='lat' dir='ltr'>sed</span> <span class='ocrx_word' id='word_1_118' title='bbox 1294 1554 1362 1631; x_wconf 86' lang='lat' dir='ltr'>quia</span> 
     </span>
     <span class='ocr_line' id='line_1_14' title="bbox 280 1636 1364 1716; baseline 0 -16"><span class='ocrx_word' id='word_1_119' title='bbox 280 1636 368 1700; x_wconf 67' lang='lat' dir='ltr'>*sane</span> <span class='ocrx_word' id='word_1_120' title='bbox 390 1639 574 1699; x_wconf 86' lang='lat' dir='ltr'>commodius</span> <span class='ocrx_word' id='word_1_121' title='bbox 597 1645 659 1699; x_wconf 87' lang='lat' dir='ltr'>erat</span> <span class='ocrx_word' id='word_1_122' title='bbox 682 1638 814 1714; x_wconf 82' lang='lat' dir='ltr'>singulas</span> <span class='ocrx_word' id='word_1_123' title='bbox 838 1657 941 1698; x_wconf 84' lang='lat' dir='ltr'>causas</span> <span class='ocrx_word' id='word_1_124' title='bbox 964 1638 1089 1716; x_wconf 83' lang='lat' dir='ltr'>singulis</span> <span class='ocrx_word' id='word_1_125' title='bbox 1118 1639 1364 1716; x_wconf 84' lang='lat' dir='ltr'>appellationibus</span> 
     </span>
     <span class='ocr_line' id='line_1_15' title="bbox 281 1721 1365 1803; baseline 0.001 -18"><span class='ocrx_word' id='word_1_126' title='bbox 281 1721 445 1803; x_wconf 66' lang='lat' dir='ltr'>*distingui</span> <span class='ocrx_word' id='word_1_127' title='bbox 468 1723 533 1784; x_wconf 90' lang='lat' dir='ltr'>ideo</span> <span class='ocrx_word' id='word_1_128' title='bbox 556 1725 700 1802; x_wconf 86' lang='lat' dir='ltr'>quaedam</span> <span class='ocrx_word' id='word_1_129' title='bbox 723 1743 783 1784; x_wconf 92' lang='lat' dir='ltr'>non</span> <span class='ocrx_word' id='word_1_130' title='bbox 803 1725 865 1785; x_wconf 87' lang='lat' dir='ltr'>iure</span> <span class='ocrx_word' id='word_1_131' title='bbox 880 1725 956 1784; x_wconf 89' lang='lat' dir='ltr'>facta</span> <span class='ocrx_word' id='word_1_132' title='bbox 971 1723 1115 1798; x_wconf 89' lang='lat' dir='ltr'>dicuntur,</span> <span class='ocrx_word' id='word_1_133' title='bbox 1140 1725 1286 1801; x_wconf 88' lang='lat' dir='ltr'>quaedam</span> <span class='ocrx_word' id='word_1_134' title='bbox 1301 1726 1365 1786; x_wconf 91' lang='lat' dir='ltr'>iure</span> 
     </span>
     <span class='ocr_line' id='line_1_16' title="bbox 194 1807 1364 1887; baseline 0.001 -16"><span class='ocrx_word' id='word_1_135' title='bbox 194 1815 261 1882; x_wconf 83' lang='lat'>6(5)</span> <span class='ocrx_word' id='word_1_136' title='bbox 281 1807 371 1871; x_wconf 61' lang='lat' dir='ltr'>*facta</span> <span class='ocrx_word' id='word_1_137' title='bbox 393 1810 490 1887; x_wconf 88' lang='lat' dir='ltr'>rumpi</span> <span class='ocrx_word' id='word_1_138' title='bbox 512 1811 557 1870; x_wconf 89' lang='lat' dir='ltr'>vel</span> <span class='ocrx_word' id='word_1_139' title='bbox 582 1809 663 1870; x_wconf 87' lang='lat' dir='ltr'>irrita</span> <span class='ocrx_word' id='word_1_140' title='bbox 689 1811 761 1871; x_wconf 90' lang='lat' dir='ltr'>fieri.</span> <span class='ocrx_word' id='word_1_141' title='bbox 808 1809 892 1871; x_wconf 76' lang='grc' dir='ltr'>6Νοῐι</span> <span class='ocrx_word' id='word_1_142' title='bbox 920 1818 1020 1871; x_wconf 90' lang='lat' dir='ltr'>tamen</span> <span class='ocrx_word' id='word_1_143' title='bbox 1047 1830 1098 1887; x_wconf 89' lang='lat' dir='ltr'>per</span> <span class='ocrx_word' id='word_1_144' title='bbox 1124 1811 1225 1872; x_wconf 92' lang='lat' dir='ltr'>omnia</span> <span class='ocrx_word' id='word_1_145' title='bbox 1251 1811 1364 1872; x_wconf 87' lang='lat' dir='ltr'>inutilia</span> 
     </span>
     <span class='ocr_line' id='line_1_17' title="bbox 281 1893 1365 1976; baseline 0.001 -19"><span class='ocrx_word' id='word_1_146' title='bbox 281 1896 366 1957; x_wconf 67' lang='lat' dir='ltr'>*sunt</span> <span class='ocrx_word' id='word_1_147' title='bbox 388 1915 422 1956; x_wconf 92' lang='lat' dir='ltr'>ea</span> <span class='ocrx_word' id='word_1_148' title='bbox 444 1903 632 1971; x_wconf 88' lang='lat' dir='ltr'>testamenta,</span> <span class='ocrx_word' id='word_1_149' title='bbox 664 1917 740 1973; x_wconf 89' lang='lat' dir='ltr'>quae</span> <span class='ocrx_word' id='word_1_150' title='bbox 761 1897 799 1956; x_wconf 92' lang='lat' dir='ltr'>ab</span> <span class='ocrx_word' id='word_1_151' title='bbox 822 1897 904 1958; x_wconf 91' lang='lat' dir='ltr'>initio</span> <span class='ocrx_word' id='word_1_152' title='bbox 926 1897 989 1958; x_wconf 89' lang='lat' dir='ltr'>iure</span> <span class='ocrx_word' id='word_1_153' title='bbox 1010 1897 1086 1957; x_wconf 88' lang='lat' dir='ltr'>facta</span> <span class='ocrx_word' id='word_1_154' title='bbox 1106 1893 1239 1976; x_wconf 86' lang='lat' dir='ltr'>&lt;propter</span> <span class='ocrx_word' id='word_1_155' title='bbox 1261 1898 1365 1976; x_wconf 85' lang='lat' dir='ltr'>capitis</span> 
     </span>
     <span class='ocr_line' id='line_1_18' title="bbox 281 1977 1365 2062; baseline 0.003 -20"><span class='ocrx_word' id='word_1_156' title='bbox 281 1977 542 2043; x_wconf 68' lang='lat' dir='ltr'>*deminutionem’</span> <span class='ocrx_word' id='word_1_157' title='bbox 565 1982 646 2043; x_wconf 88' lang='lat' dir='ltr'>irrita</span> <span class='ocrx_word' id='word_1_158' title='bbox 668 1983 744 2044; x_wconf 87' lang='lat' dir='ltr'>facta</span> <span class='ocrx_word' id='word_1_159' title='bbox 766 1990 845 2046; x_wconf 90' lang='lat' dir='ltr'>sunt.</span> <span class='ocrx_word' id='word_1_160' title='bbox 880 2003 951 2044; x_wconf 89' lang='lat' dir='ltr'>narn</span> <span class='ocrx_word' id='word_1_161' title='bbox 967 1983 991 2044; x_wconf 90' lang='lat' dir='ltr'>si</span> <span class='ocrx_word' id='word_1_162' title='bbox 1008 1991 1120 2060; x_wconf 86' lang='lat' dir='ltr'>septem</span> <span class='ocrx_word' id='word_1_163' title='bbox 1135 1984 1255 2044; x_wconf 90' lang='lat' dir='ltr'>testium</span> <span class='ocrx_word' id='word_1_164' title='bbox 1270 1984 1365 2062; x_wconf 83' lang='lat' dir='ltr'>signis</span> 
     </span>
     <span class='ocr_line' id='line_1_19' title="bbox 281 2065 1364 2146; baseline 0.002 -17"><span class='ocrx_word' id='word_1_165' title='bbox 281 2065 414 2146; x_wconf 59' lang='lat' dir='ltr'>*signata</span> <span class='ocrx_word' id='word_1_166' title='bbox 433 2077 511 2142; x_wconf 91' lang='lat' dir='ltr'>sunt,</span> <span class='ocrx_word' id='word_1_167' title='bbox 535 2076 632 2146; x_wconf 90' lang='lat' dir='ltr'>potest</span> <span class='ocrx_word' id='word_1_168' title='bbox 646 2069 771 2146; x_wconf 90' lang='lat' dir='ltr'>scriptus</span> <span class='ocrx_word' id='word_1_169' title='bbox 786 2070 872 2130; x_wconf 88' lang='lat' dir='ltr'>heres</span> <span class='ocrx_word' id='word_1_170' title='bbox 888 2069 1050 2130; x_wconf 90' lang='lat' dir='ltr'>secundum</span> <span class='ocrx_word' id='word_1_171' title='bbox 1065 2071 1181 2130; x_wconf 89' lang='lat' dir='ltr'>tabulas</span> <span class='ocrx_word' id='word_1_172' title='bbox 1196 2071 1364 2131; x_wconf 87' lang='lat' dir='ltr'>testamenti</span> 
     </span>
     <span class='ocr_line' id='line_1_20' title="bbox 282 2150 1365 2232; baseline 0.001 -17"><span class='ocrx_word' id='word_1_173' title='bbox 282 2152 443 2215; x_wconf 63' lang='lat' dir='ltr'>*honorum</span> <span class='ocrx_word' id='word_1_174' title='bbox 466 2154 684 2232; x_wconf 86' lang='lat' dir='ltr'>possessionem</span> <span class='ocrx_word' id='word_1_175' title='bbox 699 2150 899 2230; x_wconf 56' lang='lat' dir='ltr'>&lt;agnoscere,</span> <span class='ocrx_word' id='word_1_176' title='bbox 922 2156 947 2215; x_wconf 92' lang='lat' dir='ltr'>si</span> <span class='ocrx_word' id='word_1_177' title='bbox 969 2155 1057 2216; x_wconf 90' lang='lat' dir='ltr'>modo</span> <span class='ocrx_word' id='word_1_178' title='bbox 1079 2155 1234 2216; x_wconf 86' lang='lat' dir='ltr'>defunctus</span> <span class='ocrx_word' id='word_1_179' title='bbox 1251 2163 1280 2216; x_wconf 90' lang='lat' dir='ltr'>et</span> <span class='ocrx_word' id='word_1_180' title='bbox 1294 2156 1365 2216; x_wconf 80' lang='lat' dir='ltr'>civis</span> 
     </span>
     <span class='ocr_line' id='line_1_21' title="bbox 282 2236 1364 2318; baseline 0.001 -18"><span class='ocrx_word' id='word_1_181' title='bbox 282 2236 451 2300; x_wconf 65' lang='lat' dir='ltr'>*Romanus</span> <span class='ocrx_word' id='word_1_182' title='bbox 480 2246 509 2300; x_wconf 90' lang='lat' dir='ltr'>et</span> <span class='ocrx_word' id='word_1_183' title='bbox 536 2259 607 2300; x_wconf 88' lang='lat' dir='ltr'>suae</span> <span class='ocrx_word' id='word_1_184' title='bbox 635 2240 787 2317; x_wconf 87' lang='lat' dir='ltr'>potestatis</span> <span class='ocrx_word' id='word_1_185' title='bbox 818 2241 921 2301; x_wconf 89' lang='lat' dir='ltr'>mortis</span> <span class='ocrx_word' id='word_1_186' title='bbox 950 2248 1083 2318; x_wconf 89' lang='lat' dir='ltr'>tempore</span> <span class='ocrx_word' id='word_1_187' title='bbox 1110 2241 1208 2302; x_wconf 89' lang='lat' dir='ltr'>fuerit:</span> <span class='ocrx_word' id='word_1_188' title='bbox 1241 2261 1311 2302; x_wconf 90' lang='lat' dir='ltr'>nam</span> <span class='ocrx_word' id='word_1_189' title='bbox 1339 2241 1364 2302; x_wconf 91' lang='lat' dir='ltr'>si</span> 
     </span>
     <span class='ocr_line' id='line_1_22' title="bbox 282 2323 1363 2403; baseline 0.002 -17"><span class='ocrx_word' id='word_1_190' title='bbox 282 2323 361 2387; x_wconf 64' lang='lat' dir='ltr'>*ideo</span> <span class='ocrx_word' id='word_1_191' title='bbox 383 2327 498 2386; x_wconf 89' lang='lat' dir='ltr'>irritum</span> <span class='ocrx_word' id='word_1_192' title='bbox 519 2326 630 2386; x_wconf 85' lang='lat' dir='ltr'>lactum</span> <span class='ocrx_word' id='word_1_193' title='bbox 652 2326 689 2386; x_wconf 91' lang='lat' dir='ltr'>sit</span> <span class='ocrx_word' id='word_1_194' title='bbox 710 2333 928 2400; x_wconf 86' lang='lat' dir='ltr'>testamentum,</span> <span class='ocrx_word' id='word_1_195' title='bbox 953 2327 1031 2403; x_wconf 92' lang='lat' dir='ltr'>quod</span> <span class='ocrx_word' id='word_1_196' title='bbox 1054 2326 1198 2388; x_wconf 84' lang='lat' dir='ltr'>civitatem</span> <span class='ocrx_word' id='word_1_197' title='bbox 1213 2329 1260 2388; x_wconf 89' lang='lat' dir='ltr'>vel</span> <span class='ocrx_word' id='word_1_198' title='bbox 1275 2327 1363 2388; x_wconf 90' lang='lat' dir='ltr'>etiam</span> 
     </span>
     <span class='ocr_line' id='line_1_23' title="bbox 281 2409 1365 2490; baseline 0.001 -17"><span class='ocrx_word' id='word_1_199' title='bbox 281 2409 461 2474; x_wconf 61' lang='lat' dir='ltr'>*libertatem</span> <span class='ocrx_word' id='word_1_200' title='bbox 482 2418 605 2473; x_wconf 87' lang='lat' dir='ltr'>testator</span> <span class='ocrx_word' id='word_1_201' title='bbox 627 2412 734 2486; x_wconf 88' lang='lat' dir='ltr'>amisit,</span> <span class='ocrx_word' id='word_1_202' title='bbox 758 2419 810 2473; x_wconf 89' lang='lat' dir='ltr'>aut</span> <span class='ocrx_word' id='word_1_203' title='bbox 832 2413 899 2490; x_wconf 85' lang='lat' dir='ltr'>quia</span> <span class='ocrx_word' id='word_1_204' title='bbox 922 2413 952 2473; x_wconf 92' lang='lat' dir='ltr'>in</span> <span class='ocrx_word' id='word_1_205' title='bbox 975 2413 1164 2490; x_wconf 88' lang='lat' dir='ltr'>adoptionem</span> <span class='ocrx_word' id='word_1_206' title='bbox 1187 2433 1219 2474; x_wconf 90' lang='lat' dir='ltr'>se</span> <span class='ocrx_word' id='word_1_207' title='bbox 1240 2415 1318 2476; x_wconf 87' lang='lat' dir='ltr'>dedit</span> <span class='ocrx_word' id='word_1_208' title='bbox 1336 2420 1365 2474; x_wconf 89' lang='lat' dir='ltr'>et</span> 
     </span>
     <span class='ocr_line' id='line_1_24' title="bbox 282 2495 1365 2577; baseline 0.002 -19"><span class='ocrx_word' id='word_1_209' title='bbox 282 2495 399 2560; x_wconf 63' lang='lat' dir='ltr'>*mortis</span> <span class='ocrx_word' id='word_1_210' title='bbox 428 2506 560 2576; x_wconf 84' lang='lat' dir='ltr'>tempore</span> <span class='ocrx_word' id='word_1_211' title='bbox 588 2498 618 2558; x_wconf 90' lang='lat' dir='ltr'>in</span> <span class='ocrx_word' id='word_1_212' title='bbox 648 2498 772 2576; x_wconf 84' lang='lat' dir='ltr'>adoptivi</span> <span class='ocrx_word' id='word_1_213' title='bbox 804 2499 894 2576; x_wconf 87' lang='lat' dir='ltr'>patris</span> <span class='ocrx_word' id='word_1_214' title='bbox 923 2506 1064 2577; x_wconf 87' lang='lat' dir='ltr'>potestate</span> <span class='ocrx_word' id='word_1_215' title='bbox 1093 2499 1142 2576; x_wconf 88' lang='lat' dir='ltr'>sit,</span> <span class='ocrx_word' id='word_1_216' title='bbox 1174 2519 1237 2561; x_wconf 89' lang='lat' dir='ltr'>non</span> <span class='ocrx_word' id='word_1_217' title='bbox 1269 2507 1365 2577; x_wconf 89' lang='lat' dir='ltr'>potest</span> 
     </span>
     <span class='ocr_line' id='line_1_25' title="bbox 282 2581 1363 2663; baseline 0.003 -19"><span class='ocrx_word' id='word_1_218' title='bbox 282 2581 420 2661; x_wconf 65' lang='lat' dir='ltr'>*scriptus</span> <span class='ocrx_word' id='word_1_219' title='bbox 442 2586 527 2645; x_wconf 90' lang='lat' dir='ltr'>heres</span> <span class='ocrx_word' id='word_1_220' title='bbox 550 2585 712 2645; x_wconf 88' lang='lat' dir='ltr'>secundum</span> <span class='ocrx_word' id='word_1_221' title='bbox 728 2586 844 2645; x_wconf 89' lang='lat' dir='ltr'>tabulas</span> <span class='ocrx_word' id='word_1_222' title='bbox 860 2587 1007 2646; x_wconf 89' lang='lat' dir='ltr'>honorum</span> <span class='ocrx_word' id='word_1_223' title='bbox 1022 2586 1240 2663; x_wconf 88' lang='lat' dir='ltr'>possessionem</span> <span class='ocrx_word' id='word_1_224' title='bbox 1255 2593 1363 2662; x_wconf 86' lang='lat' dir='ltr'>petere.</span> 
     </span>
     <span class='ocr_line' id='line_1_26' title="bbox 196 2667 1364 2748; baseline 0.003 -20"><span class='ocrx_word' id='word_1_225' title='bbox 196 2675 263 2741; x_wconf 80' lang='lat'>7(6)</span> <span class='ocrx_word' id='word_1_226' title='bbox 283 2667 363 2730; x_wconf 59' lang='lat' dir='ltr'>MlEu</span> <span class='ocrx_word' id='word_1_227' title='bbox 384 2691 419 2732; x_wconf 89' lang='lat' dir='ltr'>eo</span> <span class='ocrx_word' id='word_1_228' title='bbox 442 2677 540 2731; x_wconf 89' lang='lat' dir='ltr'>autem</span> <span class='ocrx_word' id='word_1_229' title='bbox 563 2672 626 2732; x_wconf 89' lang='lat' dir='ltr'>solo</span> <span class='ocrx_word' id='word_1_230' title='bbox 655 2690 716 2731; x_wconf 90' lang='lat' dir='ltr'>non</span> <span class='ocrx_word' id='word_1_231' title='bbox 742 2679 839 2748; x_wconf 89' lang='lat' dir='ltr'>potest</span> <span class='ocrx_word' id='word_1_232' title='bbox 865 2671 1008 2732; x_wconf 86' lang='lat' dir='ltr'>infirmari</span> <span class='ocrx_word' id='word_1_233' title='bbox 1033 2678 1256 2745; x_wconf 87' lang='lat' dir='ltr'>testamentum,</span> <span class='ocrx_word' id='word_1_234' title='bbox 1285 2672 1364 2748; x_wconf 88' lang='lat' dir='ltr'>quod</span> 
     </span>
     <span class='ocr_line' id='line_1_27' title="bbox 283 2753 1365 2836; baseline 0 -20"><span class='ocrx_word' id='word_1_235' title='bbox 283 2753 400 2834; x_wconf 63' lang='lat' dir='ltr'>*postea</span> <span class='ocrx_word' id='word_1_236' title='bbox 426 2763 548 2817; x_wconf 86' lang='lat' dir='ltr'>testator</span> <span class='ocrx_word' id='word_1_237' title='bbox 562 2757 603 2816; x_wconf 73' lang='lat' dir='ltr'>‚id</span> <span class='ocrx_word' id='word_1_238' title='bbox 630 2757 723 2817; x_wconf 92' lang='lat' dir='ltr'>noluit</span> <span class='ocrx_word' id='word_1_239' title='bbox 750 2759 857 2818; x_wconf 84' lang='lat' dir='ltr'>valere:</span> <span class='ocrx_word' id='word_1_240' title='bbox 887 2778 981 2836; x_wconf 89' lang='lat' dir='ltr'>usque</span> <span class='ocrx_word' id='word_1_241' title='bbox 1008 2759 1079 2819; x_wconf 85' lang='lat' dir='ltr'>adeo</span> <span class='ocrx_word' id='word_1_242' title='bbox 1107 2754 1153 2819; x_wconf 69' lang='lat' dir='ltr'>ut⁴</span> <span class='ocrx_word' id='word_1_243' title='bbox 1177 2765 1217 2831; x_wconf 84' lang='lat' dir='ltr'>ct,</span> <span class='ocrx_word' id='word_1_244' title='bbox 1247 2757 1272 2817; x_wconf 93' lang='lat' dir='ltr'>si</span> <span class='ocrx_word' id='word_1_245' title='bbox 1298 2757 1365 2836; x_wconf 89' lang='lat' dir='ltr'>quis</span> 
     </span>
     <span class='ocr_line' id='line_1_28' title="bbox 281 2843 1366 2921; baseline 0.002 -19"><span class='ocrx_word' id='word_1_246' title='bbox 281 2851 348 2921; x_wconf 91' lang='lat' dir='ltr'>post</span> <span class='ocrx_word' id='word_1_247' title='bbox 369 2843 479 2904; x_wconf 87' lang='lat' dir='ltr'>factum</span> <span class='ocrx_word' id='word_1_248' title='bbox 501 2843 582 2920; x_wconf 88' lang='lat' dir='ltr'>prius</span> <span class='ocrx_word' id='word_1_249' title='bbox 605 2851 815 2904; x_wconf 85' lang='lat' dir='ltr'>testamentum</span> <span class='ocrx_word' id='word_1_250' title='bbox 837 2845 982 2921; x_wconf 86' lang='lat' dir='ltr'>posterius</span> <span class='ocrx_word' id='word_1_251' title='bbox 1004 2845 1100 2905; x_wconf 85' lang='lat' dir='ltr'>lacere</span> <span class='ocrx_word' id='word_1_252' title='bbox 1121 2843 1248 2921; x_wconf 90' lang='lat' dir='ltr'>coeperit</span> <span class='ocrx_word' id='word_1_253' title='bbox 1270 2851 1299 2904; x_wconf 90' lang='lat' dir='ltr'>et</span> <span class='ocrx_word' id='word_1_254' title='bbox 1313 2851 1366 2904; x_wconf 89' lang='lat' dir='ltr'>aut</span> 
     </span>
     <span class='ocr_line' id='line_1_29' title="bbox 281 2929 1364 3008; baseline 0.002 -19"><span class='ocrx_word' id='word_1_255' title='bbox 281 2930 457 2990; x_wconf 81' lang='lat' dir='ltr'>mortalitate</span> <span class='ocrx_word' id='word_1_256' title='bbox 478 2938 663 3006; x_wconf 88' lang='lat' dir='ltr'>praeventus,</span> <span class='ocrx_word' id='word_1_257' title='bbox 688 2936 738 2990; x_wconf 92' lang='lat' dir='ltr'>aut</span> <span class='ocrx_word' id='word_1_258' title='bbox 760 2930 828 3006; x_wconf 92' lang='lat' dir='ltr'>quia</span> <span class='ocrx_word' id='word_1_259' title='bbox 847 2950 915 2991; x_wconf 89' lang='lat' dir='ltr'>eum</span> <span class='ocrx_word' id='word_1_260' title='bbox 931 2931 993 2991; x_wconf 90' lang='lat' dir='ltr'>eius</span> <span class='ocrx_word' id='word_1_261' title='bbox 1008 2933 1049 2991; x_wconf 88' lang='lat' dir='ltr'>rei</span> <span class='ocrx_word' id='word_1_262' title='bbox 1064 2931 1213 3008; x_wconf 88' lang='lat' dir='ltr'>paenituit,</span> <span class='ocrx_word' id='word_1_263' title='bbox 1237 2929 1287 2991; x_wconf 82' lang='lat' dir='ltr'>id⁸</span> <span class='ocrx_word' id='word_1_264' title='bbox 1304 2951 1364 2991; x_wconf 92' lang='lat' dir='ltr'>non</span> 
     </span>
     <span class='ocr_line' id='line_1_30' title="bbox 282 3015 1367 3093; baseline 0.001 -17"><span class='ocrx_word' id='word_1_265' title='bbox 282 3016 457 3093; x_wconf 82' lang='lat' dir='ltr'>perfecisset,</span> <span class='ocrx_word' id='word_1_266' title='bbox 481 3015 538 3076; x_wconf 82' lang='lat' dir='ltr'>divi</span> <span class='ocrx_word' id='word_1_267' title='bbox 553 3017 714 3077; x_wconf 90' lang='lat' dir='ltr'>Pertinacis</span> <span class='ocrx_word' id='word_1_268' title='bbox 737 3017 868 3077; x_wconf 88' lang='lat' dir='ltr'>oratione</span> <span class='ocrx_word' id='word_1_269' title='bbox 891 3025 1011 3077; x_wconf 91' lang='lat' dir='ltr'>cautum</span> <span class='ocrx_word' id='word_1_270' title='bbox 1026 3025 1080 3090; x_wconf 85' lang='lat' dir='ltr'>est,</span> <span class='ocrx_word' id='word_1_271' title='bbox 1104 3037 1141 3077; x_wconf 86' lang='lat' dir='ltr'>ne</span> <span class='ocrx_word' id='word_1_272' title='bbox 1162 3017 1234 3077; x_wconf 92' lang='lat' dir='ltr'>alias</span> <span class='ocrx_word' id='word_1_273' title='bbox 1249 3018 1367 3077; x_wconf 90' lang='lat' dir='ltr'>tabulae</span> 
     </span>
     <span class='ocr_line' id='line_1_31' title="bbox 282 3101 1367 3180; baseline 0.002 -20"><span class='ocrx_word' id='word_1_274' title='bbox 282 3101 393 3178; x_wconf 89' lang='lat' dir='ltr'>priores</span> <span class='ocrx_word' id='word_1_275' title='bbox 415 3102 478 3162; x_wconf 88' lang='lat' dir='ltr'>iure</span> <span class='ocrx_word' id='word_1_276' title='bbox 499 3102 592 3162; x_wconf 86' lang='lat' dir='ltr'>factae</span> <span class='ocrx_word' id='word_1_277' title='bbox 615 3103 711 3163; x_wconf 90' lang='lat' dir='ltr'>irritae</span> <span class='ocrx_word' id='word_1_278' title='bbox 740 3102 826 3174; x_wconf 88' lang='lat' dir='ltr'>fiant,</span> <span class='ocrx_word' id='word_1_279' title='bbox 856 3102 912 3163; x_wconf 91' lang='lat' dir='ltr'>nisi</span> <span class='ocrx_word' id='word_1_280' title='bbox 940 3109 1096 3180; x_wconf 87' lang='lat' dir='ltr'>sequentes</span> <span class='ocrx_word' id='word_1_281' title='bbox 1124 3103 1186 3162; x_wconf 90' lang='lat' dir='ltr'>iure</span> <span class='ocrx_word' id='word_1_282' title='bbox 1215 3103 1367 3168; x_wconf 82' lang='lat' dir='ltr'>ordinatae</span> 
     </span>
     <span class='ocr_line' id='line_1_32' title="bbox 282 3186 1367 3264; baseline 0 -18"><span class='ocrx_word' id='word_1_283' title='bbox 282 3194 312 3246; x_wconf 90' lang='lat' dir='ltr'>et</span> <span class='ocrx_word' id='word_1_284' title='bbox 334 3186 497 3263; x_wconf 77' lang='lat' dir='ltr'>perlectae⁹</span> <span class='ocrx_word' id='word_1_285' title='bbox 512 3187 628 3248; x_wconf 88' lang='lat' dir='ltr'>fuerint.</span> <span class='ocrx_word' id='word_1_286' title='bbox 663 3207 733 3247; x_wconf 89' lang='lat' dir='ltr'>nam</span> <span class='ocrx_word' id='word_1_287' title='bbox 752 3188 956 3264; x_wconf 85' lang='lat' dir='ltr'>imperfectum</span> <span class='ocrx_word' id='word_1_288' title='bbox 971 3195 1180 3248; x_wconf 87' lang='lat' dir='ltr'>testamentum</span> <span class='ocrx_word' id='word_1_289' title='bbox 1198 3189 1261 3248; x_wconf 90' lang='lat' dir='ltr'>sine</span> <span class='ocrx_word' id='word_1_290' title='bbox 1276 3187 1367 3247; x_wconf 90' lang='lat' dir='ltr'>dubio</span> 
     </span>
     <span class='ocr_line' id='line_1_33' title="bbox 194 3273 1365 3349; baseline 0.003 -21"><span class='ocrx_word' id='word_1_291' title='bbox 194 3273 212 3328; x_wconf 87' lang='lat'>8</span> <span class='ocrx_word' id='word_1_292' title='bbox 227 3275 263 3341; x_wconf 78' lang='lat'>(7)</span> <span class='ocrx_word' id='word_1_293' title='bbox 282 3274 398 3332; x_wconf 91' lang='lat' dir='ltr'>nullum</span> <span class='ocrx_word' id='word_1_294' title='bbox 421 3281 474 3333; x_wconf 86' lang='lat' dir='ltr'>est.</span> <span class='ocrx_word' id='word_1_295' title='bbox 509 3273 619 3331; x_wconf 85' lang='lat' dir='ltr'>Eadem</span> <span class='ocrx_word' id='word_1_296' title='bbox 642 3273 774 3332; x_wconf 90' lang='lat' dir='ltr'>oratione</span> <span class='ocrx_word' id='word_1_297' title='bbox 788 3274 933 3349; x_wconf 82' lang='lat' dir='ltr'>expressit</span> <span class='ocrx_word' id='word_1_298' title='bbox 946 3293 1007 3333; x_wconf 92' lang='lat' dir='ltr'>non</span> <span class='ocrx_word' id='word_1_299' title='bbox 1023 3273 1221 3332; x_wconf 89' lang='lat' dir='ltr'>admissurum</span> <span class='ocrx_word' id='word_1_300' title='bbox 1237 3293 1269 3332; x_wconf 91' lang='lat' dir='ltr'>se</span> <span class='ocrx_word' id='word_1_301' title='bbox 1284 3273 1365 3332; x_wconf 91' lang='lat' dir='ltr'>here·</span> 
     </span>
     <span class='ocr_line' id='line_1_34' title="bbox 282 3350 1367 3435; baseline 0.002 -19"><span class='ocrx_word' id='word_1_302' title='bbox 282 3357 402 3418; x_wconf 84' lang='lat' dir='ltr'>dilatem</span> <span class='ocrx_word' id='word_1_303' title='bbox 425 3358 496 3431; x_wconf 87' lang='lat' dir='ltr'>eius,</span> <span class='ocrx_word' id='word_1_304' title='bbox 519 3359 569 3435; x_wconf 92' lang='lat' dir='ltr'>qui</span> <span class='ocrx_word' id='word_1_305' title='bbox 583 3358 641 3417; x_wconf 90' lang='lat' dir='ltr'>litis</span> <span class='ocrx_word' id='word_1_306' title='bbox 657 3377 745 3417; x_wconf 89' lang='lat' dir='ltr'>causa</span> <span class='ocrx_word' id='word_1_307' title='bbox 760 3358 921 3434; x_wconf 89' lang='lat' dir='ltr'>principem</span> <span class='ocrx_word' id='word_1_308' title='bbox 937 3359 1074 3418; x_wconf 90' lang='lat' dir='ltr'>heredem</span> <span class='ocrx_word' id='word_1_309' title='bbox 1091 3350 1245 3435; x_wconf 82' lang='lat' dir='ltr'>reliquerit,</span> <span class='ocrx_word' id='word_1_310' title='bbox 1269 3377 1367 3434; x_wconf 88' lang='lat' dir='ltr'>neque</span> 
     </span>
     <span class='ocr_line' id='line_1_35' title="bbox 282 3442 1365 3521; baseline 0.001 -20"><span class='ocrx_word' id='word_1_311' title='bbox 282 3442 398 3503; x_wconf 89' lang='lat' dir='ltr'>tabulas</span> <span class='ocrx_word' id='word_1_312' title='bbox 426 3464 488 3504; x_wconf 92' lang='lat' dir='ltr'>non</span> <span class='ocrx_word' id='word_1_313' title='bbox 514 3443 642 3518; x_wconf 83' lang='lat' dir='ltr'>legitime</span> <span class='ocrx_word' id='word_1_314' title='bbox 669 3444 774 3514; x_wconf 85' lang='lat' dir='ltr'>factas,</span> <span class='ocrx_word' id='word_1_315' title='bbox 804 3443 836 3503; x_wconf 90' lang='lat' dir='ltr'>in</span> <span class='ocrx_word' id='word_1_316' title='bbox 863 3444 969 3521; x_wconf 90' lang='lat' dir='ltr'>quibus</span> <span class='ocrx_word' id='word_1_317' title='bbox 995 3444 1058 3521; x_wconf 89' lang='lat' dir='ltr'>ipse</span> <span class='ocrx_word' id='word_1_318' title='bbox 1085 3445 1123 3503; x_wconf 93' lang='lat' dir='ltr'>ob</span> <span class='ocrx_word' id='word_1_319' title='bbox 1150 3463 1217 3504; x_wconf 86' lang='lat' dir='ltr'>eam</span> <span class='ocrx_word' id='word_1_320' title='bbox 1244 3462 1365 3503; x_wconf 89' lang='lat' dir='ltr'>causam</span> 
     </span>
     <span class='ocr_line' id='line_1_36' title="bbox 282 3529 1367 3607; baseline 0.002 -19"><span class='ocrx_word' id='word_1_321' title='bbox 282 3529 367 3588; x_wconf 88' lang='lat' dir='ltr'>heres</span> <span class='ocrx_word' id='word_1_322' title='bbox 390 3529 539 3589; x_wconf 90' lang='lat' dir='ltr'>institutus</span> <span class='ocrx_word' id='word_1_323' title='bbox 563 3536 638 3602; x_wconf 85' lang='lat' dir='ltr'>erat,</span> <span class='ocrx_word' id='word_1_324' title='bbox 662 3530 855 3606; x_wconf 86' lang='lat' dir='ltr'>probaturum</span> <span class='ocrx_word' id='word_1_325' title='bbox 879 3549 975 3607; x_wconf 88' lang='lat' dir='ltr'>neque</span> <span class='ocrx_word' id='word_1_326' title='bbox 997 3549 1033 3590; x_wconf 83' lang='lat' dir='ltr'>ex</span> <span class='ocrx_word' id='word_1_327' title='bbox 1056 3531 1136 3590; x_wconf 90' lang='lat' dir='ltr'>nuda</span> <span class='ocrx_word' id='word_1_328' title='bbox 1158 3548 1229 3590; x_wconf 88' lang='lat' dir='ltr'>voce</span> <span class='ocrx_word' id='word_1_329' title='bbox 1250 3529 1367 3590; x_wconf 88' lang='lat' dir='ltr'>heredis</span> 
     </span>
     <span class='ocr_line' id='line_1_37' title="bbox 283 3615 1367 3692; baseline 0.003 -19"><span class='ocrx_word' id='word_1_330' title='bbox 283 3633 392 3674; x_wconf 91' lang='lat' dir='ltr'>nomen</span> <span class='ocrx_word' id='word_1_331' title='bbox 416 3615 615 3675; x_wconf 89' lang='lat' dir='ltr'>admissurum</span> <span class='ocrx_word' id='word_1_332' title='bbox 638 3634 734 3692; x_wconf 87' lang='lat' dir='ltr'>neque</span> <span class='ocrx_word' id='word_1_333' title='bbox 757 3634 793 3676; x_wconf 85' lang='lat' dir='ltr'>ex</span> <span class='ocrx_word' id='word_1_334' title='bbox 807 3616 870 3675; x_wconf 90' lang='lat' dir='ltr'>ulla</span> <span class='ocrx_word' id='word_1_335' title='bbox 885 3616 1036 3692; x_wconf 88' lang='lat' dir='ltr'>scriptura,</span> <span class='ocrx_word' id='word_1_336' title='bbox 1061 3615 1107 3676; x_wconf 90' lang='lat' dir='ltr'>cui</span> <span class='ocrx_word' id='word_1_337' title='bbox 1121 3615 1192 3675; x_wconf 86' lang='lat' dir='ltr'>iuris</span> <span class='ocrx_word' id='word_1_338' title='bbox 1208 3616 1367 3676; x_wconf 87' lang='lat' dir='ltr'>auctoritas</span> 
     </span>
     <span class='ocr_line' id='line_1_38' title="bbox 282 3699 1367 3779; baseline 0.003 -20"><span class='ocrx_word' id='word_1_339' title='bbox 282 3700 366 3774; x_wconf 89' lang='lat' dir='ltr'>desit,</span> <span class='ocrx_word' id='word_1_340' title='bbox 390 3699 498 3777; x_wconf 87' lang='lat' dir='ltr'>aliquid</span> <span class='ocrx_word' id='word_1_341' title='bbox 520 3701 704 3777; x_wconf 87' lang='lat' dir='ltr'>adepturum.</span> <span class='ocrx_word' id='word_1_342' title='bbox 739 3702 902 3762; x_wconf 89' lang='lat' dir='ltr'>secundum</span> <span class='ocrx_word' id='word_1_343' title='bbox 924 3702 997 3763; x_wconf 85' lang='lat' dir='ltr'>haec</span> <span class='ocrx_word' id='word_1_344' title='bbox 1020 3700 1076 3761; x_wconf 91' lang='lat' dir='ltr'>divi</span> <span class='ocrx_word' id='word_1_345' title='bbox 1099 3721 1216 3779; x_wconf 91' lang='lat' dir='ltr'>quoque</span> <span class='ocrx_word' id='word_1_346' title='bbox 1240 3702 1367 3762; x_wconf 85' lang='lat' dir='ltr'>Severus</span> 
     </span>
     <span class='ocr_line' id='line_1_39' title="bbox 283 3785 1367 3866; baseline 0.001 -19"><span class='ocrx_word' id='word_1_347' title='bbox 283 3793 312 3847; x_wconf 92' lang='lat' dir='ltr'>et</span> <span class='ocrx_word' id='word_1_348' title='bbox 341 3785 509 3847; x_wconf 87' lang='lat' dir='ltr'>Antoninus</span> <span class='ocrx_word' id='word_1_349' title='bbox 541 3787 711 3864; x_wconf 87' lang='lat' dir='ltr'>saepissime</span> <span class='ocrx_word' id='word_1_350' title='bbox 744 3789 969 3866; x_wconf 88' lang='lat' dir='ltr'>rescripserunt:</span> <span class='ocrx_word' id='word_1_351' title='bbox 1000 3785 1075 3849; x_wconf 83' lang='lat' dir='ltr'>‘licet</span> <span class='ocrx_word' id='word_1_352' title='bbox 1109 3785 1201 3850; x_wconf 82' lang='lat' dir='ltr'>enim²</span> <span class='ocrx_word' id='word_1_353' title='bbox 1229 3789 1367 3866; x_wconf 91' lang='lat' dir='ltr'>inquiunt</span> 
     </span>
     <span class='ocr_line' id='line_1_40' title="bbox 279 3871 1145 3952; baseline 0.002 -20"><span class='ocrx_word' id='word_1_354' title='bbox 279 3873 407 3950; x_wconf 80' lang='lat' dir='ltr'>‘legibus</span> <span class='ocrx_word' id='word_1_355' title='bbox 429 3873 516 3933; x_wconf 91' lang='lat' dir='ltr'>soluti</span> <span class='ocrx_word' id='word_1_356' title='bbox 539 3892 653 3948; x_wconf 78' lang='lat' dir='ltr'>sumuS,</span> <span class='ocrx_word' id='word_1_357' title='bbox 677 3881 807 3935; x_wconf 89' lang='lat' dir='ltr'>attamen</span> <span class='ocrx_word' id='word_1_358' title='bbox 829 3874 946 3952; x_wconf 86' lang='lat' dir='ltr'>legibus</span> <span class='ocrx_word' id='word_1_359' title='bbox 969 3871 1113 3936; x_wconf 83' lang='lat' dir='ltr'>vivimus³.</span> <span class='ocrx_word' id='word_1_360' title='bbox 1144 3919 1145 3922; x_wconf 17' lang='grc' dir='ltr'>η</span> 
     </span>
    </p>
   </div>
   <div class='ocr_carea' id='block_1_3' title="bbox 282 4006 1434 4218">
    <p class='ocr_par' dir='ltr' id='par_1_3' title="bbox 282 4006 1434 4218">
     <span class='ocr_line' id='line_1_41' title="bbox 354 4006 1367 4080; baseline 0.005 -21"><span class='ocrx_word' id='word_1_361' title='bbox 354 4006 591 4072; x_wconf 73' lang='lat' dir='ltr'>¹eat2‚145.146</span> <span class='ocrx_word' id='word_1_362' title='bbox 640 4009 726 4073; x_wconf 68' lang='grc'>21,16</span> <span class='ocrx_word' id='word_1_363' title='bbox 773 4012 857 4064; x_wconf 79' lang='lat' dir='ltr'>⁸aint:</span> <span class='ocrx_word' id='word_1_364' title='bbox 873 4013 1009 4065; x_wconf 80' lang='lat' dir='ltr'>sedctrcr.</span> <span class='ocrx_word' id='word_1_365' title='bbox 1058 4012 1198 4064; x_wconf 76' lang='lat' dir='ltr'>‘suntdel</span> <span class='ocrx_word' id='word_1_366' title='bbox 1247 4009 1367 4080; x_wconf 75' lang='lat' dir='ltr'>¹⁵postca]</span> 
     </span>
     <span class='ocr_line' id='line_1_42' title="bbox 289 4077 1369 4147; baseline 0.004 -19"><span class='ocrx_word' id='word_1_367' title='bbox 289 4077 419 4143; x_wconf 63' lang='lat' dir='ltr'>ZonaB,</span> <span class='ocrx_word' id='word_1_368' title='bbox 432 4079 683 4146; x_wconf 76' lang='lat' dir='ltr'>deficitGoi.Veron.</span> <span class='ocrx_word' id='word_1_369' title='bbox 739 4081 823 4133; x_wconf 65' lang='lat' dir='ltr'>‘Gau</span> <span class='ocrx_word' id='word_1_370' title='bbox 833 4080 858 4146; x_wconf 82' lang='lat'>2,</span> <span class='ocrx_word' id='word_1_371' title='bbox 866 4080 915 4134; x_wconf 78' lang='lat'>147</span> <span class='ocrx_word' id='word_1_372' title='bbox 970 4082 1055 4134; x_wconf 60' lang='lat' dir='ltr'>&#39;Geir</span> <span class='ocrx_word' id='word_1_373' title='bbox 1064 4080 1145 4147; x_wconf 87' lang='lat'>2‚151</span> <span class='ocrx_word' id='word_1_374' title='bbox 1205 4081 1369 4146; x_wconf 79' lang='lat' dir='ltr'>⁸eicacripaa&#39;</span> 
     </span>
     <span class='ocr_line' id='line_1_43' title="bbox 282 4145 1434 4218; baseline 0.003 -21"><span class='ocrx_word' id='word_1_375' title='bbox 282 4162 330 4198; x_wconf 77' lang='lat' dir='ltr'>aec.</span> <span class='ocrx_word' id='word_1_376' title='bbox 342 4145 374 4212; x_wconf 85' lang='grc' dir='ltr'>Θ,</span> <span class='ocrx_word' id='word_1_377' title='bbox 382 4151 481 4216; x_wconf 86' lang='lat' dir='ltr'>penitui</span> <span class='ocrx_word' id='word_1_378' title='bbox 490 4175 516 4202; x_wconf 59' lang='lat' dir='ltr'>a*</span> <span class='ocrx_word' id='word_1_379' title='bbox 524 4156 564 4202; x_wconf 83' lang='lat' dir='ltr'>set</span> <span class='ocrx_word' id='word_1_380' title='bbox 574 4151 601 4200; x_wconf 88' lang='lat' dir='ltr'>id</span> <span class='ocrx_word' id='word_1_381' title='bbox 617 4150 664 4213; x_wconf 68' lang='lat' dir='ltr'>Ta,</span> <span class='ocrx_word' id='word_1_382' title='bbox 676 4151 787 4218; x_wconf 85' lang='lat' dir='ltr'>penituit</span> <span class='ocrx_word' id='word_1_383' title='bbox 798 4168 826 4203; x_wconf 87' lang='lat' dir='ltr'>se</span> <span class='ocrx_word' id='word_1_384' title='bbox 838 4152 863 4203; x_wconf 88' lang='lat' dir='ltr'>id</span> <span class='ocrx_word' id='word_1_385' title='bbox 878 4151 923 4218; x_wconf 72' lang='lat' dir='ltr'>Tb,</span> <span class='ocrx_word' id='word_1_386' title='bbox 936 4152 962 4203; x_wconf 90' lang='lat' dir='ltr'>id</span> <span class='ocrx_word' id='word_1_387' title='bbox 975 4169 1022 4206; x_wconf 82' lang='lat' dir='ltr'>om.</span> <span class='ocrx_word' id='word_1_388' title='bbox 1032 4151 1058 4203; x_wconf 90' lang='lat' dir='ltr'><em>B</em></span> <span class='ocrx_word' id='word_1_389' title='bbox 1105 4154 1115 4184; x_wconf 82' lang='lat'>⁸</span> <span class='ocrx_word' id='word_1_390' title='bbox 1128 4153 1163 4204; x_wconf 83' lang='lat' dir='ltr'>sic</span> <span class='ocrx_word' id='word_1_391' title='bbox 1172 4149 1233 4218; x_wconf 86' lang='grc' dir='ltr'>ΒΘ,</span> <span class='ocrx_word' id='word_1_392' title='bbox 1245 4154 1328 4204; x_wconf 82' lang='lat' dir='ltr'>factae</span> <span class='ocrx_word' id='word_1_393' title='bbox 1346 4151 1372 4200; x_wconf 82' lang='lat' dir='ltr'><em>T</em></span> <span class='ocrx_word' id='word_1_394' title='bbox 1432 4187 1434 4193; x_wconf 69' lang='lat'>,</span> 
     </span>
    </p>
   </div>
   <div class='ocr_carea' id='block_1_4' title="bbox 0 0 1665 4917">
    <p class='ocr_par' dir='ltr' id='par_1_4' title="bbox 0 0 1665 4917">
     <span class='ocr_line' id='line_1_44' title="bbox 0 0 1665 4917; baseline 0 0"><span class='ocrx_word' id='word_1_395' title='bbox 0 0 1665 4917; x_wconf 95' lang='lat' dir='ltr'> </span> 
     </span>
    </p>
   </div>
  </div>
 </body>
</html>
