3309 4917
313 456 364 523 111,
376 456 401 511 4·
413 456 430 510 ⁵
837 459 878 520 98
1121 479 1160 524 on
1174 477 1219 523 sc.
1235 477 1400 522 onrrrrauo

314 629 462 693 tudinem
490 630 617 692 liliorum
639 631 824 709 filiarumque
852 640 881 693 et
902 639 1023 710 nepotas
1049 639 1079 694 et
1104 640 1206 710 neptes
1228 628 1396 694 vocentur.>

279 724 297 777 2
315 718 474 779 Sciendum
489 724 589 779 autem
608 725 653 778 est
668 718 838 779 huiusmodi
853 720 1062 793 successiones,
1086 738 1161 796 quae
1184 738 1201 779 a
1217 719 1399 779 Tertulliano

315 811 344 867 et
366 802 508 865 Orfitiano
523 804 701 878 deferuntur,
725 804 827 883 capitis
843 804 1042 867 deminutione
1064 824 1126 865 non
1149 805 1258 883 peremi
1282 812 1401 883 propter

314 890 396 952 illam
418 888 570 969 regulam,
599 909 657 967 qua
684 909 778 952 novae
799 891 975 953 hereditates
1001 891 1151 970 legitimae
1178 891 1281 969 capitis
1309 892 1401 952 demi·

315 977 437 1038 nutione
459 992 521 1037 non
543 985 681 1055 pereunt,
713 977 764 1038 sed
794 977 862 1039 illae
890 979 971 1038 solae
993 997 1068 1055 quae
1096 979 1221 1055 exlege
1243 977 1400 1039 duodecim

280 1065 485 1125 ttabularum
514 1063 693 1125 deferuntur.
750 1063 915 1124 Novissime
945 1064 1098 1125 sciendum
1131 1071 1175 1124 est
1208 1064 1297 1124 etiam
1334 1064 1400 1124 illos

314 1151 431 1223 liberos,
455 1147 504 1226 qui
527 1149 616 1229 vulgo
639 1149 761 1227 quaesiti
784 1159 863 1224 sunt,
887 1150 925 1210 ad
946 1150 1049 1211 matris
1071 1149 1262 1211 hereditatem
1284 1170 1321 1210 ex
1342 1150 1400 1211 hoc

316 1244 436 1297 senatus
459 1236 593 1297 consulto
617 1236 739 1299 admitti.

279 1328 298 1383 4
384 1322 433 1383 ¹Si
455 1342 490 1383 ex
513 1320 645 1401 pluribus
668 1322 805 1401 legitimis
826 1322 984 1384 heredibus
1006 1322 1126 1399 quidam
1142 1321 1294 1382 omiserint
1316 1323 1398 1383 here·

314 1410 434 1470 ditatam
466 1409 511 1469 vel
539 1417 633 1470 morte
659 1411 707 1470 vel
733 1410 790 1468 alia
821 1429 910 1470 causa
939 1409 1068 1487 impediti
1097 1409 1204 1469 tuerint
1237 1409 1397 1485 quominus

315 1496 435 1568 adeant,
459 1494 578 1571 reliquis
608 1496 657 1571 qui
680 1495 803 1555 adierint
826 1496 968 1555 adcrescit
989 1496 1106 1555 illorum
1138 1494 1232 1573 portio
1263 1503 1301 1567 et,
1329 1496 1400 1556 licet

272 1594 275 1602 ·
315 1589 385 1643 ante
399 1580 577 1642 decesserint
600 1581 649 1656 qui
665 1581 797 1655 adierint,
820 1582 1001 1641 adheredes
1023 1587 1123 1641 tamen
1145 1600 1249 1642 eorum
1265 1582 1398 1658 pertinet.

835 1784 882 1845 vt

559 1884 607 1941 DE
625 1885 867 1941 successione
885 1886 1150 1942 OOGNATORUM.

378 1996 449 2056 Post
472 2012 541 2055 suos
563 1992 685 2055 heredes
707 2013 825 2070 eosque,
850 2014 924 2072 quos
946 1995 1022 2055 inter
1044 2014 1115 2055 suos
1137 1995 1261 2057 heredes
1282 2003 1399 2074 praetor

313 2078 357 2145 <et
379 2076 617 2143 constitutiones>
641 2086 756 2152 vocant,
780 2087 808 2141 et
830 2088 897 2157 post
915 2081 1061 2158 legitimos
1084 2076 1171 2158 (‘quo
1187 2101 1311 2144 numero
1327 2090 1396 2141 sunt

313 2164 450 2246 ‘adgnati
472 2175 501 2228 et
523 2166 563 2240 hi,
587 2186 661 2243 quos
683 2166 713 2227 in
736 2167 835 2226 locum
858 2168 1054 2243 adgnatorum
1075 2174 1137 2227 tam
1157 2168 1337 2245 supradicta
1352 2188 1396 2228 se·

313 2250 416 2314 <natus
432 2253 566 2314 consulte
581 2272 670 2329 quam
682 2258 784 2311 nostra
796 2252 887 2313 erexit
899 2249 1112 2329 constitutioi')
1128 2254 1278 2330 proximos
1290 2273 1397 2332 cogna-

281 2348 295 2401 1
314 2347 361 2401 tos
383 2346 500 2417 praetor
521 2346 614 2400 vocat.
649 2338 714 2412 Qua
736 2345 819 2415 parte
834 2340 977 2399 naturalis
992 2341 1130 2417 cognatio
1146 2346 1301 2417 spectatur.
1324 2360 1395 2399 narn

314 2425 432 2503 adgnati
460 2424 554 2503 capite
581 2425 723 2486 deminuti
752 2425 860 2501 quique
889 2446 926 2486 ex
947 2425 994 2486 his
1016 2426 1162 2505 progeniti
1184 2433 1252 2487 sunt
1275 2428 1397 2503 exlege

313 2512 468 2575 duodecim
490 2511 658 2573 tabularum
679 2512 756 2571 inter
777 2512 925 2588 legitimos
947 2531 1008 2572 non
1031 2511 1186 2585 habentur,
1209 2513 1262 2573 sed
1284 2532 1396 2589 aprae-

312 2607 376 2661 tore
397 2598 482 2660 tertio
504 2598 606 2659 ordine
627 2605 782 2671 vocantur,
806 2593 949 2675 <erceptis
977 2597 1047 2658 solis
1076 2599 1282 2659 tantummodo
1308 2600 1397 2659 tratre

312 2682 356 2747 <et
378 2705 478 2747 sorore
498 2684 698 2762 emancipatis,
722 2704 783 2745 non
806 2685 895 2744 etiam
916 2683 1015 2746 liberis
1030 2703 1143 2758 eorum,
1167 2703 1241 2761 quos
1255 2686 1303 2745 lex
1318 2685 1397 2744 Ana·

311 2768 478 2833 ‘stasianat
500 2788 568 2832 cum
590 2771 727 2832 fratribus
748 2771 857 2847 integri
878 2770 948 2831 iuris
971 2771 1136 2832 constitutis
1163 2778 1247 2831 vocat
1277 2771 1395 2847 quidem

312 2854 364 2920 ‘ad
387 2858 548 2936 legitimam
568 2854 665 2918 fratris
680 2857 871 2919 hereditatem
886 2857 946 2918 sive
961 2856 1080 2930 sororis,
1103 2876 1165 2918 non
1179 2856 1280 2935 aequis
1294 2866 1397 2918 tamen

311 2940 468 3023 ‘partibus
492 2942 542 3005 sed
558 2961 626 3007 cum
642 2944 739 3021 aliqua
754 2943 963 3016 deminutione,
986 2962 1077 3019 quam
1092 2944 1176 3005 facile
1190 2950 1235 3004 est
1250 2944 1395 3020 exipsius

311 3027 542 3092 ‘constitutionis
565 3031 660 3091 verbis
683 3030 829 3107 colligere,
855 3030 918 3089 aliis
933 3050 1002 3091 vero
1018 3029 1155 3107 adgnatis
1169 3030 1315 3091 inferioris
1331 3050 1396 3109 gra·

312 3114 392 3191 ‘dua
416 3118 481 3178 licet
496 3116 597 3194 capitis
612 3116 844 3177 deminutionem
859 3116 939 3193 passi
954 3135 1016 3176 non
1031 3122 1112 3188 sunt,
1131 3123 1231 3177 tamen
1249 3136 1301 3177 eos
1316 3123 1396 3176 ante·

225 3208 243 3262 2
261 3208 299 3279 (1)
311 3198 410 3281 <ponit
432 3210 460 3263 et
481 3204 583 3280 procul
605 3202 693 3263 dubio
716 3196 877 3279 cognatis.>
911 3202 974 3262 Hos
997 3202 1097 3275 etiam,
1121 3202 1171 3279 qui
1193 3221 1245 3279 per
1263 3202 1396 3263 feminini

313 3309 401 3351 sexus
416 3307 559 3366 personas
574 3308 610 3349 ex
625 3295 793 3354 transverso
808 3288 985 3366 cognatione
999 3288 1172 3367 iunguntur,
1195 3288 1280 3349 tertio
1300 3288 1395 3363 gradu

226 3380 300 3451 ὅθ)
312 3375 505 3453 proximitatis
534 3374 655 3436 nomine
680 3380 797 3452 praetor
824 3374 861 3433 ad
889 3374 1106 3435 successionem
1129 3380 1222 3434 vocat.
1271 3367 1396 3431 ³*Liberi

314 3458 454 3538 *quoque
477 3460 527 3537 qui
548 3460 579 3521 in
602 3460 736 3538 adoptiva
758 3460 869 3520 familia
890 3467 970 3534 sunt,
993 3460 1031 3520 ad
1045 3459 1223 3520 naturalium
1237 3463 1395 3534 parentum

226 3551 300 3623 4¹13)
315 3544 519 3608 *hereditatem
542 3548 598 3608 hoc
620 3547 722 3608 eodem
747 3547 840 3623 gradu
862 3542 1028 3607 vocantur*
1056 3545 1152 3622 Vulgo
1167 3543 1315 3620 quaesitos
1332 3543 1395 3604 nul·

312 3634 375 3694 lum
397 3634 506 3693 habere
527 3634 690 3711 adgnatum
712 3633 903 3693 manifestum
926 3638 984 3704 est,
1007 3650 1075 3691 cum
1098 3629 1238 3708 adgnatio
1261 3649 1280 3689 a
1301 3636 1393 3705 patre,

313 3719 450 3797 cognatio
473 3720 510 3779 sit
532 3740 550 3780 a
572 3726 680 3793 matre,
704 3719 735 3779 hi
756 3726 855 3780 autem
877 3719 993 3777 nullum
1015 3724 1130 3795 patrem
1153 3716 1262 3776 habere
1282 3715 1395 3776 intelle·

311 3813 433 3886 guntur.
477 3806 580 3867 eadem
602 3806 714 3867 ratione
736 3825 791 3867 nec
812 3806 889 3865 inter
904 3802 1067 3879 sequidem
1083 3807 1209 3879 possunt
1223 3801 1312 3863 videri
1327 3821 1395 3863 con·

312 3892 468 3972 sanguinei
488 3912 562 3967 esse,
585 3892 654 3969 quia
668 3890 931 3969 consanguinitatis
946 3890 992 3949 ius
1007 3888 1118 3967 species
1134 3895 1178 3950 est
1193 3887 1395 3967 adgnationis:

382 4051 393 4081 ¹
410 4046 456 4109 §4
472 4064 504 4099 erc
521 4046 655 4097 Marcimti
672 4046 689 4096 l.
708 4046 724 4097 5
742 4047 799 4097 icet.
818 4040 889 4110 (Dp.
901 4042 943 4108 38,
955 4042 995 4110 16,
1005 4041 1033 4111 9)
1108 4044 1120 4075 ²
1139 4044 1181 4113 Of.
1195 4044 1255 4098 Gai.
1267 4041 1292 4105 3,
1300 4041 1343 4095 21.
1351 4040 1395 4094 24.

311 4116 346 4169 27
356 4116 422 4171 ‚331
446 4117 507 4184 Dip.
519 4113 586 4181 38,8
610 4113 672 4165 Ood.
685 4113 709 4178 6,
722 4112 753 4164 15
829 4114 840 4145 ³
858 4112 882 4179 3,
892 4113 946 4180 2,4
1018 4113 1074 4165 ‘ia
1098 4113 1161 4168 (lod.
1179 4123 1257 4181 repet.
1270 4114 1395 4179 praelect.

311 4195 414 4253 recepta
429 4202 484 4238 aon
500 4194 547 4237 eat:
566 4183 599 4250 cf.
613 4183 649 4234 cd
663 4181 726 4234 cod.
738 4178 762 4245 5,
772 4179 842 4245 70,5
918 4184 929 4215 ⁸
949 4182 1009 4238 dat
1021 4180 1047 4250 3,
1055 4180 1089 4237 31
