3309 4917
268 483 442 528 nmsnonuu
791 466 829 526 61
1273 461 1356 526 11,1s

269 632 436 695 *instituere
467 654 562 712 neque
590 635 769 697 exheredare
798 655 920 696 necesse
948 642 1006 708 est,
1037 635 1105 711 quia
1133 653 1195 695 non
1218 641 1287 695 sunt
1310 636 1354 696 sui

269 719 419 782 *heredes
458 722 510 781 sed
540 727 658 798 praetor
688 741 793 782 omnes
821 728 884 781 tam
915 721 1050 782 feminini
1079 740 1170 797 quam
1198 721 1355 782 masculini

269 804 388 880 *sexus,
420 808 444 866 si
470 806 593 868 heredes
620 825 681 866 non
708 807 911 881 instituantur,
946 807 1116 868 exheredari
1138 807 1234 880 iubet,
1265 807 1354 867 virilis

270 890 374 954 *sexus
390 893 575 965 nominatim,
592 893 725 954 feminini
739 888 823 954 ‘vero
838 889 881 954 et>
898 893 973 954 inter
988 899 1110 955 ceteros.
1139 892 1244 970 quodsi
1260 912 1355 969 neque

270 975 407 1040 *heredes
423 977 547 1039 instituti
568 978 675 1039 luerint
697 998 793 1056 neque
815 978 856 1039 ita
878 987 910 1038 ut
925 978 1052 1039 diximus
1069 978 1236 1040 exheredati
1245 977 1266 1052 ²,
1290 999 1355 1056 pro·

268 1061 373 1124 ‘mitto
394 1072 511 1142 praetor
539 1065 581 1126 eis
612 1072 714 1125 contra
741 1067 858 1126 tabulas
880 1065 1048 1126 testamenti
1071 1066 1218 1127 bonorum
1240 1084 1355 1143 posses-

269 1147 425 1212 *sionemf
477 1151 612 1228 Adoptivi
640 1150 724 1211 liberi
756 1151 898 1228 quamdiu
930 1158 1001 1211 sunt
1030 1151 1062 1211 in
1091 1158 1234 1228 potestate
1264 1154 1391 1228 patris4

268 1237 405 1313 adoptivi,
428 1236 560 1297 eiusdem
582 1236 653 1296 iuris
675 1237 831 1310 habentur,
856 1237 939 1298 cuius
961 1243 1031 1296 sunt
1045 1236 1129 1298 iustis
1144 1238 1253 1314 nuptiis
1270 1256 1356 1314 quae·

267 1323 328 1384 siti:
352 1324 449 1398 itaque
471 1323 594 1383 herodes
620 1323 791 1384 instituendi
812 1324 858 1384 vel
880 1322 1078 1384 exheredandi
1101 1331 1171 1382 sunt
1193 1325 1356 1384 secundum

268 1429 304 1471 ea
326 1428 402 1485 quae
424 1408 459 1469 de
481 1409 664 1470 naturalibus
679 1410 885 1487 exposuimus:
910 1405 1121 1485 ²*emaneipati
1143 1429 1212 1470 vero
1235 1430 1253 1469 a
1274 1416 1357 1486 patre

269 1491 420 1574 *adoptivo
446 1513 543 1571 neque
570 1495 634 1555 iure
661 1495 735 1556 civili
763 1514 859 1572 neque
887 1495 965 1571 quod
991 1495 1029 1554 ad
1057 1495 1185 1556 edictum
1214 1495 1357 1572 praetoris

269 1577 388 1642 *attinet
414 1581 490 1641 inter
517 1581 626 1642 liberos
653 1589 857 1644 numerantur.
892 1600 951 1658 qua
978 1581 1092 1641 ratione
1119 1581 1235 1654 accidit,
1266 1588 1298 1640 ut
1320 1600 1357 1642 ex

270 1663 399 1728 *diverso
422 1668 500 1744 quod
522 1667 559 1727 ad
581 1668 746 1729 naturalem
768 1675 920 1746 parentem
943 1667 1057 1741 attinet,
1080 1667 1221 1742 quamdiu
1237 1667 1356 1743 quidem

269 1749 344 1814 ‘sint
365 1753 397 1813 in
419 1753 555 1830 adoptiva
575 1753 699 1827 familia,
727 1763 936 1814 extraneorum
959 1772 1083 1814 numero
1106 1750 1296 1828 habeantur⁴,
1324 1761 1356 1813 ut

268 1858 319 1900 eos
335 1857 431 1914 neque
446 1839 567 1899 heredes
582 1840 734 1899 instituere
749 1859 845 1916 neque
859 1840 1038 1900 exheredare
1053 1859 1174 1900 necesse
1196 1839 1246 1900 sit:
1272 1836 1356 1900 *cum

270 1920 354 1985 *vero
376 1924 551 2000 emancipati
580 1924 688 1986 luerint
713 1926 754 2007 ab
781 1925 918 2001 adoptivo
940 1931 1037 2001 patre,
1070 1931 1141 1985 tunc
1161 1925 1304 2001 incipiant
1325 1925 1355 1985 in

270 2006 321 2071 *ea
343 2028 432 2071 causa
454 2029 532 2083 esse,
554 2009 586 2070 in
608 2029 667 2087 qua
688 2009 777 2070 futuri
799 2016 911 2085 essent,
933 2010 957 2070 si
980 2011 1017 2070 ab
1039 2009 1104 2087 ipso
1126 2011 1252 2071 naturali
1274 2018 1357 2088 patre

269 2091 461 2173 *emancipati
483 2093 632 2157 luissent.⁴
678 2092 751 2158 <Sed
774 2096 849 2157 haec
864 2103 993 2157 vetustas
1008 2096 1220 2158 introducebat.
1254 2100 1391 2158 nostrat

267 2178 354 2244 ‘vero
376 2180 566 2244 constitutio³
588 2182 665 2243 inter
690 2184 839 2244 masculos
866 2190 895 2243 et
921 2182 1046 2243 femmas
1069 2185 1099 2243 in
1122 2183 1178 2244 hoo
1200 2184 1262 2244 iure
1284 2183 1357 2243 nihil

266 2264 425 2330 ‘interesse
446 2268 634 2344 existimans,
658 2269 727 2345 quia
748 2277 872 2346 utraque
894 2267 1042 2346 persona⁴
1063 2268 1094 2328 in
1116 2269 1273 2331 hominum
1292 2289 1357 2347 pro·

268 2350 431 2417 ‘creatione
453 2355 586 2416 similiter
600 2363 724 2415 naturae
745 2356 842 2416 olhoio
865 2355 999 2433 fungitur
1020 2361 1049 2416 et
1070 2356 1137 2433 lege
1152 2356 1273 2433 antiqua
1287 2357 1357 2415 duo·

268 2437 377 2502 <decim
401 2441 569 2501 tabularum
592 2460 697 2502 omnes
720 2442 853 2502 similiter
875 2442 920 2510 ad
935 2441 1136 2502 successiones
1159 2442 1196 2501 ab
1219 2443 1356 2502 intestato

268 2522 474 2602 uocabantur,
498 2527 576 2603 quod
592 2534 621 2588 et
635 2535 785 2604 praetores
799 2535 905 2604 postea
920 2527 1012 2587 secuti
1027 2546 1093 2588 esse
1107 2527 1251 2601 videntur,
1275 2526 1356 2588 ideo⁵

266 2609 410 2691 <simplex
432 2633 467 2674 ac
488 2613 584 2674 simile
606 2614 652 2673 ius
674 2621 703 2673 et
724 2613 755 2673 in
771 2613 838 2673 filiis
860 2621 889 2673 et
911 2613 941 2673 in
964 2613 1081 2673 filiabus
1103 2621 1132 2674 et
1147 2613 1177 2673 in
1191 2613 1294 2674 ceteris
1310 2613 1357 2673 de·

266 2694 514 2760 <scendentibusl
535 2718 588 2775 per
608 2699 720 2759 virilem
736 2718 841 2760 sexum
856 2699 991 2776 personis
1005 2718 1066 2759 non
1082 2700 1179 2761 solum
1194 2699 1281 2773 natis,
1306 2699 1358 2760 sed

268 2780 372 2846 ‘etiam
395 2785 540 2861 postumis
562 2785 723 2846 introduxit
731 2784 753 2859 ⁵¹,
776 2792 809 2844 ut
832 2803 946 2859 omnes,
969 2785 1029 2846 sive
1045 2786 1090 2844 sui
1106 2785 1166 2846 sive
1180 2785 1356 2863 emancipati

267 2865 364 2944 ‘suut,
387 2869 437 2931 et8
459 2870 636 2931 nominatim
651 2871 866 2932 exheredentur
887 2877 917 2931 et
931 2871 1060 2932 eundem
1078 2870 1208 2931 habeant
1223 2872 1358 2932 effectum

269 2949 363 3016 ‘circa
383 2962 561 3017 testamenta
586 2963 744 3033 parentum
771 2975 895 3017 suorum
917 2956 1094 3017 infirmanda
1116 2963 1145 3017 et
1166 2957 1357 3018 hereditatem

268 3037 487 3116 ‘auferendam
510 3059 599 3117 quem
617 3041 668 3101 filii
683 3042 729 3102 sui
743 3042 788 3102 vel
803 3041 979 3119 emancipati
994 3041 1115 3116 habent,
1139 3042 1200 3102 slve
1221 3043 1280 3103 iam
1297 3042 1357 3103 nati

269 3121 355 3188 ‘sunt
385 3127 445 3188 sive
473 3127 570 3188 adhuc
596 3128 628 3188 in
659 3135 742 3188 utero
769 3127 921 3188 constituti
951 3134 1054 3204 postea
1079 3128 1141 3188 nati
1168 3135 1246 3190 sunt.
1281 3129 1358 3190 circa

269 3208 438 3290 ‘adoptivos
460 3221 559 3274 autem
582 3221 693 3274 certam
715 3213 886 3274 induximus
908 3213 1094 3288 divisionem,
1121 3232 1198 3291 quae
1219 3216 1357 3276 constitu-

268 3293 358 3360 tioni
371 3307 492 3361 nostrae
500 3298 523 3374 ⁰,
546 3319 636 3377 quam
652 3319 741 3377 super
755 3299 899 3376 adoptivis
914 3300 1045 3374 tulimus,
1068 3296 1259 3362 continetur.>
1298 3302 1356 3363 Sed
1374 3304 1391 3358 6

268 3386 294 3447 si
315 3380 516 3464 ‘expeditione
537 3381 712 3464 occupatus'
735 3386 820 3448 miles
848 3393 1057 3448 testamentum
1085 3386 1172 3448 faciat
1199 3395 1227 3447 et
1250 3388 1357 3449 liberos

269 3492 340 3534 suos
362 3473 423 3533 iam
445 3480 531 3534 natos
550 3474 595 3534 vel
616 3479 771 3550 postumos
785 3473 963 3534 nominatim
979 3493 1040 3534 non
1055 3473 1282 3548 exheredaverit,
1306 3475 1357 3535 sed

269 3557 386 3621 silentio
407 3559 587 3637 praeterierit
609 3579 671 3620 non
693 3559 847 3637 ignorans,
874 3579 913 3620 an
936 3558 1044 3620 habeat
1067 3559 1184 3633 liberos,
1209 3561 1356 3621 silentium

268 3644 332 3706 eius
354 3664 408 3722 pro
431 3644 657 3706 exheredatione
680 3645 857 3706 nominatim
879 3646 956 3705 facta
978 3646 1074 3706 valere
1100 3646 1357 3708 constitutionibus

268 3731 435 3810 principum
458 3740 578 3793 cautum
600 3739 654 3793 est.
699 3732 792 3792 Mater
814 3732 859 3792 vel
882 3750 954 3790 avus
977 3738 1128 3792 maternus
1151 3752 1272 3794 necesse
1288 3738 1391 3793 nont

341 3868 351 3898 ¹
369 3868 405 3918 sic
419 3867 480 3919 (ΗΕ
494 3885 552 3919 eum
566 3868 625 3920 Gai.
638 3865 670 3928 Θ,
687 3868 859 3919 instituantur
877 3884 962 3932 neque
974 3868 990 3918 i.
1000 3884 1026 3918 n.
1037 3868 1061 3917 d.
1071 3868 1259 3920 exhaeredentur
1270 3867 1358 3919 BTuv

270 3935 282 3967 ¹
303 3933 529 4001 oat.2,136.137
601 3938 611 3968 ³
631 3936 693 3987 cod.
706 3935 730 4002 6,
740 3933 810 3999 28,4
880 3935 945 3988 ‘sle
965 3936 1017 3998 OE,
1040 3944 1164 4002 utraeque
1181 3953 1305 4003 personae
1323 3937 1355 4000 B,

268 4006 297 4056 in
320 4014 459 4069 utramque
479 4022 614 4073 personam
639 4005 685 4068 Tb,
706 4006 756 4056 inc.
773 4004 813 4054 Ta
894 4001 989 4071 tideo]
1009 4005 1040 4067 B,
1065 4013 1091 4057 et
1108 4007 1124 4056 i.
1142 4005 1167 4055 T
1242 4005 1306 4056 ⁸sic
1329 4005 1356 4071 T,

268 4075 479 4127 descendentium
496 4074 523 4125 B
599 4075 819 4126 'introduximus
841 4074 867 4124 Τ
939 4071 1002 4140 ⁸et]
1022 4073 1077 4138 Bu,
1100 4082 1145 4126 aut
1162 4074 1268 4125 heredes
1286 4075 1358 4127 insti-

268 4150 377 4195 tuantur
393 4151 453 4261 sputo
462 4143 574 4264 Τὸἑῗῇ
591 4144 641 4265 sirpo.
659 4143 706 4208 Ta,
728 4149 858 4195 attamen
876 4152 1003 4210 appareat
1020 4143 1119 4209 afuisse
1136 4143 1213 4193 cubo
1231 4150 1278 4195 aut
1302 4145 1356 4197 her.

268 4210 330 4264 inst.
451 4213 492 4264 od.
524 4251 530 4275 ,
575 4249 583 4276 ,
