3309 4917
276 427 317 477 rx
330 426 461 479 onrrcro
476 425 650 475 nascuurna
716 406 926 508 „Q
1288 404 1364 470 IV‚·l

276 575 442 657 ‘requisitio
464 576 506 641 rei
527 577 650 639 furtivae
676 578 764 642 bodie
786 578 952 641 seeundum
973 586 1099 641 veterem
1128 580 1364 643 observationem

276 660 354 728 ‘non
376 666 422 730 tit:
444 664 548 727 merito
563 683 600 725 ex
613 664 825 741 consequentia
844 664 934 728 etiam
948 665 1097 742 praefatae
1111 665 1241 729 actiones
1255 667 1293 728 ab
1308 685 1365 728 usu
1397 723 1400 728 .

279 747 448 813 5comrnuni
462 756 655 822 recesserunt,
679 769 747 811 cum
766 750 1042 814 manifestissimum
1057 758 1112 825 est,
1134 752 1235 829 quod¹
1249 772 1364 826 omnes,

277 832 344 916 ‘qui
366 836 491 899 scientes
516 854 580 897 rem
606 836 743 901 furtivam
770 836 954 914 susceperint
974 844 1004 898 et
1024 838 1194 917 celaverint,
1221 838 1289 900 furti
1311 857 1366 903 nec

277 918 441 987 ‘manifesti
463 922 583 983 obnoxii
605 918 701 985 sunt.>
741 920 861 984 ²Poena
883 923 1031 985 manifesti
1051 924 1121 985 furti
1142 924 1299 1001 quadrupli
1320 928 1400 988 cst5

277 1016 342 1069 tam
364 1028 400 1069 ex
422 1008 497 1069 servi
519 1026 647 1085 persona
668 1028 758 1085 quam
781 1029 817 1071 ex
839 1009 932 1083 liberi,
956 1028 1011 1070 nec
1033 1009 1181 1072 manifesti
1202 1009 1293 1088 dupli.

345 1090 504 1156 ³*Furtum
520 1100 619 1157 autem
641 1093 750 1159 litnon
766 1096 872 1169 solum,
896 1113 965 1155 eum
979 1095 1047 1172 quis
1061 1096 1262 1175 intercipiendi
1276 1114 1366 1156 causa
1384 1100 1401 1155 d

278 1177 357 1243 ‘rem
368 1181 495 1241 alienam
505 1186 632 1254 amovet,
644 1180 695 1241 sed
708 1181 894 1258 generaditer
904 1200 972 1242 cum
984 1180 1050 1257 quis
1062 1182 1188 1250 alienam
1200 1202 1264 1243 rem
1275 1182 1366 1243 invito

278 1262 417 1328 *domino
428 1272 600 1329 contractet.
628 1265 726 1343 itaque
738 1267 798 1327 sive
809 1267 934 1328 creditor
944 1266 1069 1345 pignore
1080 1267 1141 1329 sive
1152 1268 1177 1329 is
1188 1269 1267 1346 apud
1277 1287 1366 1344 quem

279 1348 343 1415 Tres
359 1352 491 1430 deposita
506 1359 551 1413 est
565 1372 600 1415 ea
615 1372 649 1413 re
662 1358 761 1413 ulatur
776 1352 838 1413 sive
852 1353 878 1413 is
896 1354 948 1430 qni
961 1371 1027 1414 rem
1042 1354 1182 1414 utendam
1202 1355 1313 1431 accepit
1334 1354 1366 1415 in

281 1435 387 1501 *alium
398 1456 487 1499 usum
499 1457 565 1501 eam
576 1438 746 1512 transferat,
760 1456 851 1516 quam
863 1438 947 1500 cuius
957 1439 1051 1515 gratia
1062 1439 1089 1499 ei
1103 1439 1173 1501 data
1184 1446 1240 1513 est,
1254 1440 1366 1499 furtum

278 1524 459 1587 'committit
488 1524 576 1585 veluti
591 1523 616 1586 si
632 1524 697 1602 quis
707 1533 866 1602 argentum
881 1525 1025 1586 utendum
1040 1524 1183 1603 acceperit
1195 1524 1282 1602 quasi
1295 1526 1367 1587 ami

282 1606 348 1672 *cos
363 1611 400 1672 ad
417 1630 522 1673 cenam
535 1610 710 1671 invitaturus
726 1617 754 1671 et
769 1610 800 1671 id
813 1630 937 1689 peregre
951 1630 1051 1672 secum
1067 1610 1174 1683 tulerit,
1197 1618 1248 1674 aut
1261 1611 1286 1671 ai
1301 1610 1367 1689 quis

233 1694 237 1699 ’
278 1692 405 1774 *equum
419 1696 556 1774 gestandi
571 1715 661 1757 eausa
675 1697 898 1758 commodatum
915 1696 970 1757 sibi
988 1697 1109 1775 longius
1130 1697 1227 1773 aliquo
1242 1696 1366 1769 duxerit,

278 1778 374 1859 *quod
389 1790 501 1843 veteres
516 1782 696 1859 scripserunt
711 1784 747 1843 de
761 1802 806 1857 eo,
822 1783 914 1860 quiin
927 1782 1021 1844 aciem
1031 1802 1142 1860 equum
1153 1782 1336 1860 perduxisset
1342 1780 1367 1843 ⁴.

281 1864 430 1931 ⁸*Placuit
443 1874 543 1929 tamen
556 1886 615 1941 eos,
631 1868 682 1944 qni
694 1868 781 1929 rebus
794 1868 989 1930 commodatis
1001 1868 1084 1929 aliter
1098 1875 1259 1943 uterentur,
1275 1888 1366 1945 quam
1385 1873 1400 1925 7

280 1949 423 2015 *utendas
438 1952 611 2030 acceperint,
636 1954 676 2013 ita
696 1954 809 2015 furtum
831 1954 1023 2027 committere,
1046 1954 1072 2014 si
1093 1974 1126 2016 se
1143 1953 1317 2031 intellegant
1338 1954 1369 2015 id

281 2035 388 2103 *invito
401 2038 521 2100 domino
533 2038 629 2099 facere
640 2058 768 2117 eumque
782 2039 807 2101 si
818 2038 1009 2101 intellexisset
1020 2059 1082 2101 non
1093 2040 1317 2117 permissurum,
1333 2058 1369 2100 ac

281 2120 322 2187 *si
334 2124 548 2203 permissurum
561 2125 692 2197 credant,
708 2132 790 2187 extra
801 2126 913 2187 crimen
925 2125 1027 2188 videri:
1043 2126 1155 2204 optima
1166 2146 1239 2187 sane
1252 2125 1368 2186 distinc-

279 2206 384 2285 ‘tione
406 2211 475 2289 quia
497 2210 608 2274 furtum
624 2211 688 2273 sine
702 2211 809 2274 affeetu
831 2212 948 2273 furandi
969 2231 1030 2273 non
1053 2212 1254 2275 committitur.
1291 2210 1403 2273 lSed8

279 2293 346 2361 'et‘
368 2297 393 2358 si
414 2297 513 2359 eredat
535 2297 641 2374 aliquia
662 2297 752 2359 invito
775 2298 897 2359 domino
920 2318 953 2359 se
973 2318 1037 2359 rem
1052 2300 1272 2359 commodatam
1292 2296 1369 2361 nibil

279 2379 484 2456 ‘contrectare
507 2383 629 2445 domino
651 2392 750 2447 autem
773 2385 889 2445 volente
911 2384 940 2444 id
959 2384 1018 2456 fiat,
1047 2384 1153 2446 dicitur
1173 2386 1285 2447 furtum
1307 2403 1369 2445 non

279 2464 367 2533 Tfieri.
408 2469 486 2531 unde
516 2469 587 2532 illud
617 2469 782 2546 quaesitum
814 2477 872 2543 est,
902 2489 971 2531 cum
1001 2470 1095 2530 Titius
1122 2486 1240 2531 servum
1266 2469 1370 2530 Maevii

279 2550 501 2629 'sollicitaverit
525 2561 558 2616 ut
571 2556 716 2632 quasdam
731 2574 778 2617 res
793 2554 915 2616 domino
930 2555 1093 2633 subriperet
1114 2555 1195 2615 etad
1217 2574 1285 2615 enm
1304 2574 1368 2632 per·

280 2636 394 2713 *ferret
417 2648 446 2701 et
468 2660 570 2702 servus
592 2642 621 2701 id
643 2641 680 2701 ad
702 2640 849 2702 Maevium
872 2640 1030 2718 pertulerit,
1053 2640 1192 2714 Macrine,
1216 2641 1289 2701 dum
1308 2642 1370 2701 vult

279 2723 405 2788 *Titium
428 2726 459 2787 in
483 2727 547 2803 ipso
570 2724 673 2787 delicto
695 2726 927 2804 deprehendere,
958 2726 1089 2803 permisit
1116 2746 1201 2787 servo
1226 2725 1370 2803 quasdam

280 2808 343 2874 *res
366 2813 403 2873 ad
425 2830 493 2873 enrn
516 2811 653 2889 perferre,
677 2820 777 2875 utrum
799 2812 869 2873 furti
891 2832 930 2873 an
952 2812 1028 2873 servi
1051 2813 1180 2890 corrupti
1201 2812 1307 2873 iudicio
1329 2818 1369 2876 te·

281 2893 402 2958 *nentur
418 2897 522 2971 Titius,
546 2916 584 2958 an
600 2894 739 2959 neutrot⁴
769 2893 814 2959 <et
829 2916 898 2969 cum
913 2898 1000 2959 nobis
1014 2898 1173 2975 superbae
1187 2898 1369 2960 dubitatione

279 2978 472 3061 <suggestum
489 2991 532 3043 est
547 2991 576 3044 et
591 2984 780 3059 antiquorum
791 2984 982 3061 prudentium
995 3003 1083 3061 super
1097 2984 1155 3044 hoc
1165 2983 1370 3045 altercationes

280 3065 508 3147 perspeximus,
531 3070 708 3147 quibusdam
732 3088 828 3147 neque
849 3070 918 3131 furti
948 3088 1045 3147 neque
1074 3070 1150 3131 servi
1171 3070 1299 3148 corrupti
1325 3088 1370 3131 ac·

280 3151 408 3216 ‘tionem
424 3155 651 3232 praestantibus,
675 3156 852 3233 quibusdam
867 3156 936 3217 furti
952 3156 1174 3217 tantummodo:
1197 3174 1254 3217 nos
1272 3155 1370 3217 buius·

280 3237 377 3305 ¹<modi
400 3240 547 3303 calliditati
569 3241 687 3303 obviam
711 3249 813 3304 euntes
837 3262 889 3320 per
904 3249 1037 3303 nostram
1053 3240 1251 3304 decisionem⁸
1274 3241 1370 3303 sanxi·

280 3324 363 3389 ‘mus
386 3346 449 3389 non
472 3329 568 3389 solnm
592 3328 661 3389 furti
683 3328 840 3402 actionem,
864 3329 915 3388 sed
930 3328 1019 3389 etiarn
1035 3328 1110 3389 servi
1126 3328 1255 3405 corrupti
1269 3333 1372 3390 contra

279 3410 364 3475 ‘eum
388 3413 465 3475 dari:
488 3413 555 3475 licet
577 3413 656 3475 enim
680 3414 704 3475 is
727 3431 829 3475 servus
853 3414 978 3475 deterior
1000 3433 1019 3474 a
1040 3413 1227 3476 sollicitatore
1248 3413 1372 3475 minime

279 3496 390 3562 ‘factus
413 3506 458 3561 est
480 3507 508 3560 et
531 3499 596 3561 ideo
619 3520 679 3561 non
703 3507 882 3561 concurrant
903 3501 1033 3577 regulae,
1057 3518 1134 3576 quae
1148 3500 1225 3560 servi
1243 3498 1372 3577 corrupti

283 3580 445 3648 ‘actionem
468 3585 696 3660 introducerent,
721 3593 820 3648 tamen
843 3586 1000 3647 consilium
1023 3586 1201 3663 corruptoris
1223 3587 1261 3647 ad
1276 3585 1371 3664 perni-

281 3666 370 3732 <ciem
393 3672 546 3748 probitatis
569 3672 644 3733 servi
667 3671 867 3733 introductum
890 3678 949 3745 est,
978 3679 1011 3732 ut
1033 3671 1070 3733 sit
1092 3672 1119 3735 ei
1140 3672 1273 3749 poenalis
1295 3672 1371 3732 aetio
1466 3726 1474 3733 .

280 3752 448 3835 imposita,
480 3766 635 3836 tamquam
664 3778 696 3819 re
725 3760 789 3835 ipsa
818 3758 922 3821 luisset
951 3776 1053 3819 servus
1074 3766 1245 3836 corruptus,
1274 3778 1313 3818 ne
1335 3776 1370 3817 ex

352 3909 441 3976 ¹quin
460 3910 520 3961 libri
596 3907 669 3972 ¹55
686 3910 777 3961 similia
796 3910 864 3962 Gaio
876 3907 972 3972 3‚189.
983 3908 1034 3964 190
1112 3909 1204 3962 ⁸Goi.
1216 3906 1371 3974 3,195.196

281 3978 346 4030 ‘eie
364 3978 543 4041 auloedos,
563 3980 725 4046 produxisset
747 3978 818 4043 2¹0⁰,
835 3981 985 4046 perduxerit
1002 3978 1048 4029 Ba
1113 3980 1124 4010 ⁸
1145 3976 1204 4029 dat.
1215 3974 1371 4043 3,197.198

280 4045 555 4180 ἒοέἳέΤὺθθθοί,
574 4065 623 4101 om.
635 4049 706 4100 Bra
777 4048 994 4101 'commodatam
1012 4049 1063 4101 sibi
1081 4063 1130 4099 om.
1144 4047 1202 4099 dat.
1277 4048 1288 4078 ⁸
1308 4045 1371 4098 Oool.
