3309 4917
310 458 395 532 'Ilua
833 466 873 528 82
949 535 953 538 .
1053 484 1091 528 nn
1107 483 1393 529 rmnrooumssmus

312 638 454 718 paulatim
476 638 564 699 etiam
592 645 709 716 praetor
729 638 864 716 proprius
891 643 1048 712 crearetur,
1078 638 1128 715 qui
1154 637 1387 702 fideicommissis

312 726 359 787 ius
383 724 499 798 diceret,
522 743 611 802 quem
633 723 936 785 fideicommissarium
959 725 1158 802 appellabant.

278 821 296 876 2
380 806 445 872 1Ἷη
467 810 569 888 primis
590 810 682 889 igitur
701 809 855 871 sciendum
877 817 921 872 est
943 830 1017 888 opus
1032 830 1111 884 esse,
1142 817 1175 872 ut
1194 810 1299 889 aliquis
1314 819 1393 874 recto

312 893 589 968 ‘iuretestamento
610 898 697 958 heres
718 896 886 958 instituatur
908 897 1028 974 eiusque
1048 896 1114 958 fidei
1130 896 1338 974 committatur,
1361 908 1394 960 ut

312 979 396 1045 ‘eam
418 982 610 1044 hereditatem
624 982 671 1042 alii
686 982 832 1044 restituat:
856 983 985 1060 alioquin
1000 983 1100 1044 inutile
1115 989 1159 1044 est
1174 990 1392 1062 testamentum,

317 1066 362 1129 *in
384 1087 443 1146 quo
466 1087 555 1130 nemo
576 1069 662 1130 heres
683 1068 858 1133 instituitur·
880 1089 966 1130 ¹cum
989 1069 1078 1148 igitur
1099 1070 1203 1146 aliquis
1231 1071 1390 1150 scripserit:

314 1150 448 1216 “Lucius
469 1154 564 1215 Titius
585 1155 670 1216 heres
692 1149 773 1229 esto'‚
796 1155 901 1233 poterit
924 1157 1048 1218 adicere:
1071 1151 1155 1232 ‘rogo
1178 1163 1215 1230 te,
1240 1157 1308 1218 Luci
1325 1159 1392 1233 Titi,

314 1238 384 1316 '‘ut,
407 1260 475 1302 cum
497 1241 627 1318 primum
648 1241 744 1320 possis
765 1241 956 1302 hereditatem
985 1261 1083 1302 meam
1110 1242 1201 1316 adire,
1230 1261 1296 1304 eam
1319 1243 1391 1304 Gaio

278 1326 281 1362 ³
315 1323 409 1388 “Seio
436 1327 541 1388 reddas
571 1324 726 1389 restituas'.
780 1334 876 1406 potest
903 1335 1001 1388 autem
1030 1328 1152 1404 quisque
1182 1336 1210 1388 et
1243 1330 1280 1389 de
1312 1339 1394 1407 parte

315 1410 510 1475 *restituenda
531 1414 670 1474 heredem
691 1433 812 1490 rogare:
841 1421 868 1474 et
890 1414 1014 1474 liberum
1038 1422 1082 1474 est
1104 1414 1148 1474 vel
1171 1434 1243 1492 pure
1265 1417 1310 1476 vel
1337 1419 1391 1477 sub

315 1497 501 1561 *condicione
523 1501 686 1576 relinquere
708 1499 968 1560 fideicommissum
992 1500 1036 1560 vel
1059 1519 1095 1560 ex
1117 1500 1163 1560 die
1185 1508 1273 1562 certo.

281 1597 299 1652 3
383 1583 562 1645 ²‘Restituta
588 1593 687 1646 autem
709 1585 868 1645 hereditate
896 1585 920 1646 is
942 1585 1060 1662 quidem
1084 1585 1132 1662 qui
1155 1587 1279 1647 restituit
1301 1589 1391 1650 nihilo

317 1670 431 1732 *minus
445 1670 530 1730 heres
546 1678 711 1748 permanet:
727 1671 752 1730 is
767 1691 835 1731 vero
851 1671 900 1748 qui
916 1671 1015 1750 recipit
1029 1671 1219 1733 hereditatem
1234 1675 1391 1750 aliquando

280 1769 299 1823 4
318 1755 447 1818 *heredis
462 1756 619 1833 aliquando
634 1757 763 1832 legatarii
777 1754 856 1818 loco*
871 1753 1058 1822 ‘habebatur
1096 1759 1132 1818 Et
1146 1758 1176 1818 in
1192 1759 1316 1821 Neronis
1332 1762 1391 1837 qui·

314 1845 382 1904 dem
400 1839 596 1920 temporibus>
622 1840 797 1904 ³*Trebellio
812 1843 941 1904 Maximo
956 1851 985 1905 et
1000 1845 1124 1906 Annaeo
1140 1845 1252 1906 Seneca
1267 1847 1390 1908 consuli·

315 1927 408 1992 *hus*
430 1936 551 1991 senatus
573 1931 741 1991 consultum
763 1931 873 1991 iactum
896 1938 953 2005 est,
977 1950 1036 2009 quo
1059 1938 1177 1992 cautum
1199 1939 1255 2008 est,
1281 1941 1322 2007 ut,
1346 1932 1391 1993 si⁵

316 2014 476 2078 *hereditas
499 2035 535 2076 ex
557 2017 774 2078 fideicommissi
796 2037 886 2078 causa
900 2017 1033 2077 restituta
1055 2018 1101 2090 sit,
1125 2037 1228 2079 omnes
1251 2021 1393 2091 actiones,

316 2100 408 2179 *quae
434 2102 496 2162 iure
522 2102 596 2162 civili
618 2103 717 2163 heredi
749 2110 778 2162 et
800 2103 830 2162 in
858 2103 996 2163 heredem
1023 2110 1233 2180 competerent,
1263 2105 1289 2164 ei
1311 2106 1391 2165 etin

315 2184 398 2248 *eum
421 2187 569 2260 darentur,
592 2188 638 2248 cui
660 2208 697 2248 ex
718 2188 944 2248 fideicommisso
963 2189 1095 2248 restituta
1117 2187 1216 2249 esset⁶
1236 2190 1391 2253 hereditas.

316 2270 398 2351 *post
418 2273 497 2349 quod
524 2273 832 2334 senatusconsultum
861 2281 977 2351 praetor
1003 2274 1088 2334 utiles
1111 2274 1239 2334 actiones
1263 2275 1288 2335 ei
1311 2276 1391 2336 etin

315 2356 399 2420 *eum
421 2358 472 2436 qui
493 2359 601 2436 recepit
623 2359 812 2419 hereditatem
834 2359 919 2436 quasi
940 2359 1041 2420 heredi
1063 2368 1091 2420 et
1113 2359 1142 2419 in
1163 2360 1301 2421 heredem
1324 2362 1393 2423 dare

279 2455 296 2509 5
315 2442 434 2524 *coepit
474 2443 550 2506 ³Sed
572 2444 641 2523 quia
662 2445 784 2505 heredes
807 2445 914 2522 scripti,
939 2465 1006 2506 cum
1029 2453 1079 2506 aut
1093 2452 1185 2506 totam
1201 2447 1392 2509 hereditatem

315 2529 381 2592 *aut
402 2550 495 2609 paene
516 2538 610 2591 totam
632 2533 804 2609 plerumque
826 2530 978 2592 restituere
996 2534 1185 2610 rogabantur,
1209 2533 1289 2594 adire
1311 2535 1400 2596 here³

316 2615 450 2678 *ditatem
472 2618 509 2677 ob
532 2618 648 2677 nullum
664 2618 708 2677 vel
731 2617 887 2677 minimum
907 2619 1022 2678 lucrum
1045 2620 1220 2680 recusabant
1243 2625 1331 2697 atque
1352 2623 1390 2681 ob

316 2699 360 2764 *id
387 2703 634 2781 extinguebantur
660 2703 899 2765 fideicommissa:
929 2711 1030 2782 postea
1052 2699 1239 2782 <Vespasiani
1264 2707 1389 2784 Augusti

209 2790 211 2796 '
316 2784 526 2867 *tempor-ibus>
549 2789 664 2866 Pegaso
686 2796 715 2850 et
736 2789 865 2850 Pusione
887 2789 1077 2851 consulibus⁷
1101 2799 1221 2852 senatus
1244 2793 1357 2854 censuit
1367 2792 1389 2866 ⁸,

316 2871 363 2937 *ut
385 2876 420 2949 ei,
443 2876 493 2951 qui
514 2881 636 2953 rogatus
659 2882 736 2936 esset
757 2875 946 2936 hereditatem
968 2877 1129 2952 restituere,
1153 2877 1273 2956 perinde
1294 2881 1392 2942 liceret

316 2955 466 3040 *quam
481 2969 595 3040 partem
610 2960 742 3036 retinere,
766 2968 854 3038 atque
873 2963 939 3040 lege
953 2963 1080 3025 Falcidia
1095 2983 1131 3026 ex
1144 2965 1251 3042 legatis
1267 2965 1392 3028 retinere

315 3044 506 3109 *conceditur
541 3068 577 3109 ex
593 3048 717 3126 singulis
732 3067 850 3126 quoque
863 3050 960 3123 rebus,
977 3069 1053 3127 quae
1068 3070 1119 3128 per
1134 3050 1391 3113 fideicommissum

315 3129 543 3210 *relinquuntur
566 3135 668 3197 eadem
691 3134 814 3195 retentio
829 3136 973 3212 permissa
995 3143 1048 3196 est.
1082 3143 1148 3214 post
1169 3137 1248 3212 quod
1271 3145 1390 3198 senatus

315 3215 498 3281 *consultum
521 3220 583 3298 ipse
601 3219 686 3280 heres
709 3240 799 3281 onera
813 3221 987 3281 hereditaria
1009 3222 1184 3283 sustinebat:
1207 3222 1256 3282 ille
1277 3230 1386 3296 autem,

315 3301 380 3383 *qui
403 3326 441 3366 ex
462 3305 689 3367 fideicommisso
711 3306 819 3384 recepit
841 3315 954 3383 partem
970 3307 1146 3381 bereditatIS,
1170 3307 1302 3384 legatarii
1324 3327 1387 3384 par·

315 3387 405 3452 *tiarii
426 3393 491 3452 loco
512 3398 588 3465 erat,
617 3391 646 3451 id
668 3400 713 3452 est
733 3392 793 3452 eius
815 3392 960 3470 legatarii,
984 3393 1030 3454 cui
1052 3413 1120 3471 pars
1143 3395 1290 3453 bonorum
1311 3393 1386 3469 lega·

315 3472 425 3539 *batur
460 3497 534 3554 quae
556 3478 667 3555 speeies
681 3477 770 3555 legati
784 3470 900 3555 partitio
915 3480 1083 3552 vocabatur,
1106 3477 1174 3555 quia
1196 3496 1263 3537 cum
1280 3478 1387 3540 herede

313 3557 486 3640 *legatarius
508 3564 686 3641 partiebatur
710 3564 912 3625 hereditatem.
946 3565 1024 3624 unde
1046 3584 1122 3642 quae
1143 3563 1278 3624 solebant
1300 3565 1388 3643 stipu-

314 3643 452 3709 *lationes
474 3648 550 3710 inter
564 3649 703 3710 heredem
726 3657 755 3711 et
768 3649 938 3728 partiarium
955 3650 1131 3728 legatarium
1145 3648 1301 3726 interponi,
1325 3670 1389 3712 eae·

313 3724 397 3801 ,idem
418 3733 679 3813 interponebantur
700 3735 775 3796 inter
797 3755 880 3810 eum,
904 3734 1011 3813 quiex
1033 3734 1259 3797 fideicommisso
1283 3739 1389 3815 recepit

313 3816 528 3896 *hereditatem
544 3829 574 3883 et
588 3822 734 3895 heredem,
755 3821 783 3882 id
799 3829 844 3882 est
858 3829 890 3882 ut
905 3829 933 3884 et
947 3822 1062 3882 lucrum
1075 3828 1103 3883 et
1118 3822 1261 3881 damnum
1277 3822 1388 3884 heredi·

188 3901 191 3904 ⁴
276 3914 294 3970 6
313 3903 435 3969 *tarium
457 3926 509 3985 pro
524 3915 588 3968 rata
601 3917 684 3986 parte
698 3907 774 3968 inter
790 3927 841 3969 eos
857 3927 1015 3971 commune
1031 3907 1076 3972 sit.
1117 3905 1214 3985 ³Ergo
1230 3909 1255 3968 si
1270 3909 1389 3987 quidem

380 4041 692 4110 10u2248.250.251
747 4042 925 4110 ¹eai.2,251
981 4043 1246 4112 ³uat.2,253..258
1299 4047 1390 4098 ‘auno

304 4132 335 4181 p.
349 4113 471 4169 Cimbii?
537 4111 595 4182 ‘si]
613 4115 635 4166 si
653 4115 696 4166 cui
716 4110 814 4165 Gai&
879 4114 943 4166 ‘aio
961 4115 1029 4181 eat,
1047 4122 1087 4168 est
1103 4117 1163 4168 libri
1232 4115 1330 4168 7ιιηιπο
1347 4117 1388 4168 ire-

309 4193 377 4237 certo
447 4186 512 4237 ‘sic
529 4184 588 4238 eat.
601 4182 658 4250 PE,
677 4184 810 4236 constituit
827 4183 854 4233 B
