3309 4917
309 470 359 538 nr,
373 471 474 528 15—17
825 470 899 535 114¹
1169 490 1311 537 arvern.
1328 490 1398 537 oar.
1433 462 1437 467 ’

308 644 478 708 huiusmodi
506 645 671 707 adicienda:
703 640 741 706 ‘si
770 647 910 709 adversus
939 665 975 707 ea
1000 645 1111 706 laetum
1145 644 1199 706 erit
1231 644 1292 707 sive
1324 645 1395 723 quid

308 729 360 841 :ita
382 732 493 879 rhemi?
515 752 577 793 non
599 732 667 807 erit,
695 738 767 794 tuno
789 751 904 812 poenae
926 731 1048 793 nomine
1070 731 1171 793 decem
1193 748 1301 793 aureos
1324 732 1395 793 dare

321 838 397 897 spon
418 837 449 880 es

885 970 898 1009 1

401 1070 449 1126 nn
467 1070 613 1127 noonos
631 1070 712 1125 aurs
729 970 953 1126 smedhhunr
971 1068 1017 1125 ur
1036 1028 1303 1127 raomrrnu'm.

372 1177 410 1237 ut
432 1176 591 1256 stipulendi
613 1184 642 1238 et
663 1176 854 1255 promittendi
876 1178 934 1237 duo
956 1178 1091 1254 pluresve
1113 1176 1155 1237 rei
1176 1174 1240 1237 fieri
1257 1184 1394 1256 possunt.

309 1262 469 1341 stipulandi
490 1263 544 1339 ita,
576 1263 689 1341 sipost
711 1264 848 1324 omnium
869 1262 1132 1340 interrogationem
1159 1263 1324 1340 promissor
1350 1283 1393 1325 re·

308 1348 452 1426 spondeat
473 1344 636 1428 ‘spondeo’.
667 1356 700 1409 nt
712 1356 783 1427 puta
798 1368 867 1410 omn
882 1349 998 1409 duobus
1013 1347 1171 1427 separatim
1187 1348 1395 1428 stipulantibus

308 1434 349 1494 ita
371 1435 534 1513 promissor
556 1435 731 1515 respondeat
752 1431 879 1512 ‘utrique
900 1444 1031 1495 vestrum
1054 1435 1123 1495 dare
1145 1432 1298 1512 spondeo’:
1323 1455 1396 1497 nam

309 1520 334 1581 si
356 1521 438 1597 prius
463 1522 540 1581 Titio
563 1520 765 1600 spoponderit,
795 1522 901 1582 deinde
927 1520 984 1581 alio
1011 1520 1213 1598 interrogante
1239 1521 1395 1599 spondeat,

309 1606 366 1666 alia
388 1614 476 1684 atque
498 1607 556 1667 alia
577 1607 631 1669 erit
653 1606 793 1685 obligatio
815 1626 872 1667 nec
894 1607 1053 1667 ereduntur
1075 1606 1133 1667 duo
1165 1606 1207 1666 rei
1235 1607 1396 1685 stipulandi

309 1710 383 1753 esse.
422 1694 481 1754 duo
503 1694 637 1771 pluresve
658 1692 701 1753 rei
722 1692 912 1770 promittendi
934 1692 975 1753 ita
996 1692 1086 1754 fiunt:
1114 1688 1232 1766 ‘Maeri,
1262 1693 1394 1769 quinque

308 1773 425 1840 ‘aureos
448 1779 518 1839 dare
541 1778 689 1857 spondes?
723 1778 782 1853 Sei,
806 1778 927 1839 eosdem
942 1778 1073 1856 quinque
1087 1797 1195 1839 aureos
1217 1778 1288 1839 dare
1307 1798 1396 1856 spon·

274 1872 291 1925 1
307 1856 402 1924 ‘dest'
429 1864 648 1942 respondeant²
668 1865 775 1942 singuli
790 1864 949 1944 separatim
963 1859 1128 1943 ‘spondeo'.
1164 1864 1209 1924 Ex
1224 1864 1396 1926 huiusmodi

309 1950 538 2027 obligationibus
561 1960 590 2012 et
612 1952 820 2029 stipulantibus
843 1951 971 2011 solidum
994 1949 1120 2029 singulis
1142 1949 1265 2011 debetur
1287 1958 1316 2011 et
1330 1971 1396 2029 pro·

308 2035 457 2098 mittentes
480 2037 589 2115 singuli
610 2037 641 2098 in
665 2038 793 2098 solidum
814 2043 963 2098 tenentur.
997 2036 1028 2096 in
1050 2043 1176 2113 utraque
1197 2044 1299 2097 tamen
1324 2037 1396 2098 obli·

309 2121 429 2199 gatione
449 2142 510 2182 nna
532 2141 580 2183 res
602 2124 736 2184 vertitur:
769 2130 798 2183 et
819 2124 865 2183 vel
896 2123 970 2183 alter
996 2121 1128 2183 debitum
1157 2122 1326 2205 apoipiendo
1351 2124 1394 2183 vel

310 2206 383 2267 alter
405 2207 546 2269 solvendo
568 2208 703 2269 omnium
722 2209 846 2285 peremit
867 2208 1080 2285 obligationem
1103 2215 1132 2269 et
1154 2227 1260 2269 omnes
1280 2208 1396 2272 liberat.

275 2288 376 2351 2³Ex
399 2293 514 2354 duobus
538 2294 596 2354 reis
619 2294 808 2372 promittendi
831 2294 906 2354 alius
928 2313 1010 2371 pure,
1034 2294 1110 2354 alius
1131 2294 1162 2353 in
1185 2295 1263 2355 diem
1279 2294 1324 2354 vel
1338 2296 1395 2355 sub

310 2378 481 2439 condicione
503 2379 628 2458 obligari
650 2387 761 2458 potest:
785 2399 840 2441 nec
862 2378 1071 2457 impedimento
1094 2381 1148 2441 erit
1169 2380 1230 2441 dies
1253 2388 1304 2441 ant
1326 2400 1395 2442 oon·

309 2462 393 2538 dicio,
417 2484 476 2541 quo
499 2465 599 2526 minus
621 2468 658 2527 ab
682 2486 717 2527 eo
740 2466 790 2543 qui
812 2485 885 2545 pure
907 2465 1060 2544 obligatus¹
1077 2473 1122 2527 est
1144 2473 1268 2544 petatur.

887 2671 902 2710 4

571 2770 619 2825 Du
635 2673 907 2826 sulponsdidiht
925 2770 1133 2827 SERVORUM.

374 2877 483 2941 Servus
506 2897 542 2939 ex
564 2896 691 2955 persona
713 2878 825 2939 domini
847 2877 893 2939 ius
915 2878 1074 2958 stipulandi
1089 2877 1185 2939 habet.
1223 2876 1297 2939 sed⁵
1313 2878 1395 2940 here·

309 2965 385 3027 ditas
411 2964 442 3026 in
471 2964 617 3043 plerisque
646 2983 791 3041 personae
818 2964 949 3025 defuncti
974 2964 1068 3025 vicem
1097 2964 1235 3025 sustinet:
1269 2964 1394 3043 ideoque

310 3051 389 3128 quod
420 3069 522 3111 servus
551 3049 743 3111 hereditarius
771 3058 840 3111 ante
871 3050 978 3111 aditam
1009 3050 1201 3111 hereditatem
1229 3050 1393 3129 stipulatur,

310 3136 437 3214 adquirit
458 3135 610 3197 hereditati
631 3154 666 3195 aa
688 3156 742 3213 per
763 3136 820 3197 hoc
843 3136 931 3197 etiam
953 3136 1054 3197 heredi
1074 3144 1177 3214 postea
1198 3135 1275 3196 iacto
1296 3136 1396 3213 adqui·

279 3222 394 3287 lritur.
443 3220 528 3282 ⁸Sire
549 3227 649 3281 autem
672 3220 792 3283 domino
820 3222 881 3283 sive
910 3222 964 3284 sibi
991 3222 1051 3283 sire
1079 3240 1221 3284 conservo
1250 3240 1305 3282 suo
1335 3222 1396 3283 sive

311 3307 544 3387 impersonaliter
567 3325 669 3367 servus
692 3306 859 3384 stipuletur,
889 3307 1009 3369 domino
1039 3308 1174 3386 adquirit.
1218 3306 1296 3367 idem
1323 3307 1395 3368 iuris

311 3400 356 3454 est
378 3392 459 3453 etin
481 3390 589 3465 liberis,
613 3392 716 3469 quiin
739 3400 882 3472 potestate
904 3395 994 3473 patris
1015 3401 1093 3469 sunt,
1117 3413 1153 3455 ex
1172 3391 1280 3470 quibus
1296 3392 1394 3453 causis

276 3478 464 3555 tadquirere
489 3484 624 3555 possunt.
673 3477 731 3539 Sed
760 3498 828 3540 eum
854 3480 966 3542 factum
991 3480 1022 3540 in
1050 3478 1237 3558 stipulatione
1265 3478 1395 3540 eontine-

311 3563 399 3636 bitur,
422 3564 594 3624 omnimodo
617 3583 743 3641 persona
765 3565 931 3644 stipulantis
950 3566 1124 3641 continetur,
1149 3563 1236 3626 veluti
1250 3564 1276 3624 si
1291 3583 1394 3625 servus

311 3648 473 3727 stipuletur,
497 3655 530 3709 ut
550 3647 605 3709 sibi
626 3649 668 3709 ire
690 3669 778 3728 agere
800 3652 899 3714 lineat:
922 3652 985 3730 ipse
1006 3652 1086 3712 enirn
1108 3658 1225 3712 tantum
1247 3650 1395 3729 prohiberi

276 3744 371 3799 3non
394 3734 488 3809 debet,
512 3754 574 3796 non
596 3734 685 3797 etiam
707 3736 845 3799 dominus
868 3737 940 3799 eius.
984 3738 1094 3799 Servus
1116 3736 1283 3797 eommunis
1306 3736 1395 3814 stipu-

381 3905 392 3938 ¹
411 3904 452 3974 Of.
466 3905 526 3973 og.
538 3903 610 3970 45,2
629 3906 691 3960 ovd.
704 3904 728 3972 8,
737 3904 773 3959 40
843 3907 855 3939 ¹
872 3903 1052 3976 respondeant]
1072 3906 1129 3971 ΒΡ,
1152 3913 1178 3959 et
1195 3923 1216 3957 r.
1233 3902 1263 3970 T,
1286 3907 1344 3957 sir.
1358 3904 1396 3955 E:

309 3981 340 4027 nt
356 3976 498 4042 interroget
514 3976 649 4042 stipulator
665 3978 705 4029 vel
722 3977 804 4029 amite
820 3978 883 4043 qaid
893 3978 961 4029 later
971 3978 1038 4028 dunt
1049 3984 1074 4027 et
1084 3976 1172 4027 lineri
1191 3992 1210 4025 a
1221 3974 1397 4041 compilatori-

194 4096 196 4100 ,
309 4044 356 4095 otu
377 4046 446 4097 mole
469 4044 579 4097 damon
598 4054 681 4097 maaet
702 4046 845 4097 Mammea
923 4045 935 4077 ⁸
956 4043 1002 4106 §2
1022 4061 1054 4097 eo
1078 4044 1152 4097 ΠΜ.
1170 4045 1189 4096 l.
1205 4041 1221 4097 8
1239 4044 1297 4096 inst.
1323 4039 1397 4111 (Dip.

313 4110 434 4180 45,2,7)
513 4110 1012 4182 ‘ofioat.8,114.1671>59.45,3
1091 4112 1102 4146 ⁸
1126 4110 1180 4181 sed]
1209 4113 1307 4178 T,sed
1330 4112 1399 4165 etB

314 4178 386 4243 ‘fil
404 4182 440 4237 in.
459 4200 491 4237 ero
507 4180 955 4251 ntor.t.82·nrt.(1>tq.45,3,15)
