3309 4917
271 426 309 470 ar
324 423 508 470 vanorrrorua
786 406 847 468 123
1211 402 1260 468 ΙΙΙ,
1272 400 1315 457 23.
1325 402 1361 456 24

269 577 433 656 periculum
455 576 499 637 rei
520 577 653 639 venditae
683 577 783 638 statim
810 578 847 637 ad
876 583 1040 655 emptorem
1070 577 1211 656 pertinet,
1241 576 1361 637 tametsi

270 664 368 725 adhuc
391 682 426 724 ea
453 682 500 724 res
525 662 651 741 emptori
678 662 784 724 tradita
811 682 873 724 non
900 662 946 724 sit.
985 663 1084 740 itaque
1110 663 1135 724 si
1162 663 1255 724 homo
1280 682 1358 723 mor-

270 757 339 811 tuus
362 749 399 809 sit
420 750 465 810 vel
487 749 585 828 aliqua
607 756 689 828 parte
711 748 843 827 corporis
864 749 963 810 laesus
984 750 1081 824 fuerit,
1104 757 1165 811 aut'
1177 750 1265 810 aedes
1280 755 1359 810 totae

271 843 321 897 aut
343 835 441 912 aliqua
464 855 500 895 ex
530 842 612 913 perte
637 835 773 896 incendio
800 826 994 915 consumptae
1021 836 1143 909 luerint,
1171 842 1222 896 aut
1249 834 1359 896 fundus

271 922 298 983 vi
320 920 452 982 lluminis
479 928 559 982 totus
585 922 631 981 vel
657 920 756 999 aliqua
784 941 820 981 ex
847 927 930 999 parte
956 922 1072 982 ablatus
1100 921 1150 995 sit,
1179 921 1240 982 sive
1268 920 1358 982 etiam

271 1008 464 1068 inundatione
486 1026 580 1085 aquae
602 1014 653 1067 aut
675 1006 829 1068 arboribus
858 1006 975 1068 turbine
1001 1007 1119 1069 deiectis
1143 1008 1235 1085 longe
1260 1006 1359 1067 minor

271 1101 323 1164 aut
345 1093 471 1154 deterior
493 1112 558 1155 esse
581 1092 725 1171 coeperit:
754 1092 895 1170 emptoris
918 1092 1061 1154 damnum
1084 1099 1141 1167 est,
1169 1093 1217 1156 cui
1238 1111 1359 1153 necesse

270 1185 327 1252 est,
356 1179 424 1240 licet
453 1198 516 1240 rem
544 1198 605 1240 non
634 1178 721 1240 fuerit
748 1186 867 1252 nactus,
897 1178 1024 1256 pretium
1052 1180 1173 1240 solvere.
1217 1178 1359 1257 quidquid

270 1265 349 1326 enim
373 1265 437 1326 sine
459 1265 527 1326 dolo
550 1272 579 1327 et
600 1265 687 1342 culpa
711 1264 868 1326 venditoris
891 1264 1007 1339 accidit,
1037 1265 1068 1325 in
1097 1284 1132 1326 eo
1154 1264 1288 1326 venditor
1314 1283 1358 1326 se·

270 1370 358 1412 curus
381 1358 436 1412 est.
481 1351 532 1412 sed
554 1356 583 1412 et
605 1350 718 1430 sipost
740 1350 922 1429 emptionem
949 1349 1043 1413 fundo
1070 1349 1178 1428 aliquid
1206 1370 1260 1428 per
1287 1350 1358 1410 allu-

269 1437 386 1498 vionem
409 1436 541 1511 accessit,
565 1436 603 1497 ad
624 1436 765 1516 emptoris
780 1436 972 1497 commodum
987 1436 1126 1515 pertinet:
1149 1455 1221 1497 nam
1236 1444 1264 1497 et
1279 1454 1358 1496 com-

270 1523 393 1584 modum
417 1523 479 1584 eius
502 1542 566 1585 esse
588 1523 682 1597 debet,
707 1523 790 1584 cuius
811 1523 975 1601 periculum
997 1530 1050 1584 est.
1096 1522 1182 1596 Quod
1204 1522 1230 1582 si
1251 1521 1357 1597 fugerit
1374 1529 1411 1584 30

270 1609 361 1671 homo
384 1609 435 1686 qui
457 1608 546 1670 veniit
568 1614 619 1670 aut
641 1611 798 1687 subreptus
820 1608 916 1683 luerit,
939 1608 980 1669 ita
1001 1616 1034 1669 ut
1049 1627 1147 1687 neque
1161 1609 1247 1669 dolus
1262 1626 1359 1684 neque

270 1695 357 1775 culpa
373 1694 532 1757 venditoris
547 1695 730 1770 interveniat,
749 1695 1044 1756 animadvertendum
1059 1696 1121 1770 erit,
1138 1714 1177 1755 an
1193 1692 1358 1756 custodiam

271 1781 334 1842 eius
357 1800 452 1859 usque
475 1780 512 1841 ad
534 1780 721 1842 traditionem
744 1781 877 1842 venditor
899 1780 1067 1860 susceperit
1112 1799 1185 1841 sane
1211 1780 1305 1854 enim,
1333 1779 1359 1839 si

270 1867 444 1945 susceperit,
474 1866 512 1926 ad
534 1866 626 1944 ipsius
647 1866 810 1944 periculum
834 1866 860 1927 is
882 1886 968 1927 casus
990 1867 1129 1945 pertinett
1158 1866 1183 1927 si
1210 1885 1272 1927 non
1295 1884 1358 1926 sus·

271 1952 388 2031 ceperit,
412 1970 534 2013 securus
556 1951 620 2014 erit.
666 1952 744 2013 idem
767 1952 848 2013 etin
870 1952 974 2014 ceteris
997 1952 1173 2014 animalibus
1195 1951 1358 2028 ceterisque

270 2039 359 2099 rebus
391 2037 594 2115 intelligimus.
639 2038 740 2115 utique
768 2045 869 2099 tamen
899 2037 1125 2099 vindicationem
1154 2036 1196 2099 rei
1228 2044 1257 2098 et
1290 2056 1358 2098 con·

270 2124 428 2185 dictionem
450 2124 589 2185 exhibere
612 2124 729 2185 debebit
750 2122 890 2202 emptori,
919 2124 988 2200 quia
1011 2144 1098 2199 sane,
1126 2125 1263 2201 quirem
1284 2142 1358 2184 non·

270 2210 342 2271 dum
364 2210 490 2288 emptori
511 2209 639 2285 tradidit,
662 2210 760 2272 adhuc
781 2210 843 2289 ipse
864 2208 1003 2272 dominus
1025 2217 1080 2272 est.
1117 2210 1195 2272 idem
1210 2216 1256 2269 est
1270 2208 1358 2269 etiam

270 2296 306 2358 de
327 2295 397 2357 furti
420 2303 448 2357 et
470 2296 507 2357 de
529 2296 631 2357 damni
652 2296 776 2358 iniuriae
797 2296 921 2358 actione.
958 2296 1075 2374 Emptio
1096 2303 1159 2357 tam
1182 2296 1237 2357 sub
1260 2294 1357 2355 condi·
1375 2300 1393 2354 4

269 2382 353 2444 cione
384 2401 474 2459 quam
504 2402 577 2460 pure
606 2382 741 2443 contrahi
774 2390 879 2461 potest.
917 2383 972 2443 sub
1004 2382 1176 2445 condicione
1204 2381 1293 2443 veluti
1321 2378 1358 2441 ‘si

270 2467 389 2529 Stichus
411 2468 489 2529 intra
512 2475 624 2529 certum
648 2468 724 2529 diem
748 2468 800 2529 tibi
819 2469 970 2546 placuerit,
994 2468 1048 2529 erit
1061 2468 1114 2530 tibi
1128 2474 1246 2546 emptus
1261 2465 1369 2528 aureis-

269 2549 336 2615 tot.³
372 2554 451 2615 Loca
473 2573 558 2615 secra
580 2555 626 2615 vel
647 2553 794 2631 religiosa,
818 2553 888 2614 item
910 2554 1036 2631 publica,
1060 2554 1148 2615 veluti
1169 2554 1267 2614 iorum
1282 2551 1393 2613 basi-5

267 2640 367 2716 licam,
390 2641 500 2701 frustra
523 2636 589 2717 quis'
612 2640 709 2701 sciens
731 2638 811 2712 emit,
835 2657 909 2715 quas
931 2646 1031 2700 tamen
1053 2639 1078 2700 si
1099 2659 1153 2718 pro
1175 2638 1295 2718 privatis
1311 2638 1358 2699 vel

268 2726 400 2805 profanis
416 2725 555 2803 deceptus
571 2745 588 2785 a
603 2725 754 2787 venditore
769 2724 882 2799 emerit,
898 2724 1018 2786 habebit
1032 2725 1178 2786 actionem
1195 2730 1357 2802 exempto,

268 2813 348 2889 quod
371 2830 432 2872 non
455 2810 566 2872 habere
588 2810 614 2871 ei
636 2810 734 2888 liceat,
763 2817 796 2871 ut
818 2818 1032 2889 consequatur,
1061 2812 1139 2888 quod
1163 2830 1217 2872 sna
1238 2810 1358 2871 interest

269 2898 424 2975 deceptum
448 2916 516 2957 eum
539 2915 601 2957 non
624 2916 698 2959 esse.
735 2896 815 2958 idem
837 2897 909 2958 iuris
930 2904 985 2972 est,
1009 2896 1034 2957 si
1055 2895 1210 2958 hominem
1231 2895 1357 2957 liberum

267 3001 322 3061 pro
345 3001 430 3044 servo
454 2982 565 3044 emerit.

857 3100 870 3139 r

493 3200 542 3256 Du
559 3101 1128 3256 Locarlougivcouuuculouu

335 3305 472 3369 ²Locatio
502 3314 531 3369 et
557 3306 713 3368 conductio
740 3306 876 3385 proxima
901 3313 945 3367 est
974 3304 1116 3383 emptioni
1142 3311 1171 3367 et
1196 3304 1358 3367 venditioni

266 3395 421 3472 isdemque
443 3392 514 3454 iuris
535 3393 646 3472 regulis
669 3392 844 3455 consistunt.
890 3410 961 3453 nam
982 3397 1016 3453 ut
1037 3391 1146 3470 emptio
1174 3397 1203 3451 et
1228 3391 1356 3453 venditio

266 3482 308 3542 ita
329 3478 520 3554 contrabitur,
544 3479 569 3539 si
591 3479 628 3540 de
649 3479 741 3557 pretio
765 3478 942 3553 convenerit,
967 3478 1009 3539 sio
1024 3478 1113 3538 etiam
1126 3476 1233 3539 locatio
1248 3485 1356 3539 etcon·

267 3567 363 3628 ductio
388 3566 428 3626 ita
454 3565 590 3627 contrahi
619 3564 811 3643 intellegitur,
843 3564 868 3625 si
898 3584 1011 3626 merces
1040 3563 1200 3625 constituta
1228 3564 1274 3625 sit
1311 3558 1357 3625 <et

266 3652 405 3730 competit
425 3651 547 3713 locatori
571 3650 690 3729 quidem
711 3650 798 3712 locati
814 3651 898 3724 actio,
922 3649 1093 3711 conductori
1107 3669 1176 3712 vero
1191 3645 1355 3712 conducti.>

266 3738 303 3798 Et
318 3756 393 3814 quae
409 3758 498 3816 supra
521 3734 678 3810 dirimunt,
708 3736 733 3797 si
756 3736 852 3798 alieno
875 3735 993 3797 arbitrio
1020 3736 1147 3814 pretium
1176 3737 1356 3815 permissum

267 3823 366 3897 inerit,
391 3824 493 3884 eadem
518 3830 546 3885 et
568 3824 604 3885 de
626 3821 771 3884 locatione
793 3829 822 3883 et
844 3821 1037 3883 conductione
1058 3821 1135 3884 dicta
1157 3841 1222 3883 esse
1244 3822 1355 3883 intelle·

266 3928 390 3988 gamus,
420 3910 444 3970 si
469 3909 565 3971 alieno
595 3908 716 3971 arbitrio
744 3927 858 3969 merces
884 3908 1029 3987 permissa
1054 3907 1149 3970 luerit.
1196 3903 1291 3984 ⁴*qua
1318 3907 1356 3968 de

337 4042 1004 4114 ²cauat.3‚142..1471>tp.19‚2conato
1078 4040 1354 4111 'pnecoloiidss

266 4131 318 4166 rer.
331 4125 387 4167 nott.
406 4112 477 4183 (Dip.
491 4112 605 4181 19,2‚2)
678 4111 731 4180 ⁸8,
741 4112 808 4179 23,1
881 4114 971 4167 ‘cat
983 4111 1009 4181 3,
1020 4111 1070 4166 148
