3309 4917
273 464 392 516 horrus
437 461 439 467 '
729 527 731 531 ι
797 452 840 512 -15
917 527 920 532 ⁴
1296 437 1317 515 i;
1331 435 1365 506 10

273 624 333 690 vei'
358 623 467 689 sororis
494 622 584 684 filiam
610 640 736 685 uxorem
762 623 869 685 dueere
891 641 954 684 non
976 624 1053 685 lieet.
1093 624 1145 686 sed
1167 643 1222 686 neo
1243 633 1360 703 neptem
1403 649 1405 654 ’

272 706 470 776 ‘fratrisvel’
493 707 604 771 sororis
625 709 731 771 ducere
752 709 820 787 quis
842 716 953 788 potest,
981 710 1116 788 quamvis
1139 718 1245 789 quarto
1267 713 1362 790 gradu

272 798 369 862 sint1:
397 798 480 859 ouius
503 795 582 857 enim
605 794 696 856 filiam
717 814 842 857 uxorem
865 796 972 859 ducere
987 815 1056 858 ‘non
1078 797 1156 871 lieet,
1181 797 1243 858 eius
1265 808 1362 877 neque

273 893 394 966 neptem
416 881 602 962 permittitur.
637 882 700 942 eius
721 901 791 943 vero
814 882 955 956 mulieris,
979 902 1070 961 quam
1093 890 1176 962 pater
1190 887 1259 944 tuus
1274 885 1362 964 adop-

272 973 357 1046 tavit,
388 971 479 1032 tiliam
501 987 563 1029 non
586 967 691 1029 videris
718 967 851 1046 impediri
879 987 1002 1030 uxorem
1024 969 1143 1044 ducere,
1174 970 1243 1046 quia
1265 989 1362 1048 neque

271 1058 399 1120 naturali
433 1075 529 1133 neque
563 1053 637 1114 cirili
669 1054 733 1115 iure
765 1053 819 1115 tibi
849 1054 1046 1132 coniungitur.
1097 1055 1231 1116 Duorum
1261 1064 1397 1119 autem4

271 1146 397 1206 fratrum
418 1143 465 1204 vel
486 1159 625 1202 sororum
646 1140 729 1202 liberi
751 1141 795 1201 vei
817 1140 915 1200 fratris
938 1147 967 1200 et
989 1141 1098 1202 sororis
1121 1143 1204 1220 iungi
1225 1152 1360 1221 possunt.

269 1232 347 1292 Item
376 1229 498 1290 amitam
527 1228 593 1289 lieet
622 1227 789 1305 adoptivam
817 1242 943 1286 uxorem
971 1227 1077 1288 ducere
1104 1229 1266 1304 nonlicet,
1290 1230 1396 1292 item5

270 1324 469 1389 materteram,
492 1313 562 1391 quia
584 1320 740 1391 parentum
762 1315 828 1372 loco
844 1310 1020 1374 habentur2.
1055 1332 1114 1389 qua
1128 1314 1242 1375 ratione
1258 1335 1360 1377 verum

270 1412 317 1465 est
339 1414 483 1480 magnam
506 1418 624 1477 quoque
646 1399 768 1459 amitam
791 1405 820 1459 et
843 1404 1031 1459 materteram
1055 1417 1196 1476 magnam
1212 1402 1361 1481 prohiberi
1401 1411 1403 1415 '

270 1508 395 1551 uxorem
427 1488 541 1549 duoere.
593 1485 759 1545 Adfinitatis
787 1503 905 1561 quoque
935 1483 1141 1546 veneratione³
1173 1488 1394 1563 quarundamd

270 1576 380 1654 nuptiis
412 1571 560 1635 abstinere
585 1591 705 1632 neeesse
733 1577 786 1632 θεῖ.
827 1576 860 1630 ut
890 1589 956 1631 eece
979 1571 1145 1649 privignam
1171 1578 1222 1631 aut
1251 1592 1360 1635 nurum

270 1681 395 1722 uxorem
418 1661 525 1720 ducere
547 1677 608 1718 non
630 1658 707 1731 lieet,
731 1657 800 1734 quia
822 1663 964 1734 utraeque
987 1656 1063 1718 filiae
1086 1658 1150 1718 loco
1167 1665 1245 1720 sunt.
1280 1661 1360 1736 quod

269 1749 380 1809 scilieet
409 1746 450 1807 ita
475 1744 566 1822 accipi
592 1744 712 1818 debeat3
745 1743 768 1802 si
795 1742 850 1802 fuit
871 1761 964 1803 nurus
987 1751 1038 1804 aut
1060 1743 1209 1823 privigna:
1240 1748 1359 1808 namsi

268 1835 368 1895 adhue
382 1851 476 1892 nurus
490 1838 543 1903 est,
567 1829 596 1890 id
618 1837 662 1890 est
676 1829 701 1889 si
716 1830 813 1890 adhue
827 1836 921 1906 nupta
936 1837 980 1890 est
995 1830 1053 1890 filio
1068 1838 1119 1891 tuo
1129 1829 1152 1904 4,
1176 1831 1232 1891 alia
1246 1832 1359 1894 ratione

269 1937 396 1982 uxorem
418 1936 485 1978 eam
508 1917 613 1975 ducere
635 1934 697 1976 non
719 1915 824 1991 possis,
849 1915 918 1991 quia
936 1916 1040 1978 eadem
1056 1917 1171 1976 duobus
1188 1924 1280 1995 nupta
1295 1937 1360 1979 esse

270 2024 334 2065 non
357 2009 467 2082 potest:
499 2000 570 2062 item
593 2000 618 2060 si
640 2001 737 2061 adhuc
759 2000 893 2077 privigna
915 2008 966 2062 tua
989 2001 1063 2076 est⁵,
1092 2002 1121 2061 id
1147 2010 1191 2063 θεῖ
1218 2004 1242 2062 si
1264 2011 1359 2065 mater

268 2090 333 2152 eius
355 2089 407 2151 tibi
429 2094 522 2167 nupta
543 2094 596 2164 θεῖ,
619 2086 686 2147 ideo
707 2105 775 2147 eam
798 2105 921 2148 uxorem
936 2087 1042 2149 duoere
1064 2106 1125 2148 non
1148 2089 1266 2165 poteris,
1290 2090 1359 2170 quia

270 2175 344 2248 duas
367 2193 475 2236 uxores
496 2173 600 2235 eodem
622 2181 756 2254 tempore
779 2173 890 2234 habere
910 2175 1060 2236 nonlicet.
1099 2174 1225 2236 Socrurn
1240 2178 1392 2254 quoquot

270 2271 300 2324 et
321 2280 479 2323 novercam
501 2260 681 2338 prohibitum
709 2266 754 2321 est
782 2278 906 2319 uxorem
929 2261 1047 2334 ducere,
1079 2261 1148 2339 quia
1168 2263 1272 2322 matris
1293 2265 1359 2324 loco

268 2357 350 2412 sunt.
385 2347 464 2425 quod
486 2354 515 2408 et
536 2347 634 2424 ipsum
657 2347 801 2407 dissoluta
820 2345 942 2406 demum
957 2347 1107 2408 adfinitate
1122 2349 1265 2426 procedit:
1291 2348 1359 2410 alio-

268 2435 341 2512 quin
363 2434 389 2494 si
410 2434 507 2494 adhue
523 2451 650 2494 noverca
674 2439 728 2505 est,
752 2431 781 2490 id
803 2437 848 2492 est
870 2431 895 2491 si
917 2432 1014 2493 adhuc
1037 2433 1111 2510 patri
1130 2440 1180 2493 tuo
1195 2441 1287 2512 nupta
1303 2443 1357 2507 est,

271 2520 425 2582 communi
446 2519 509 2580 iure
531 2518 689 2596 impeditur
711 2516 763 2578 tibi
785 2517 906 2590 nubere,
930 2518 998 2594 quia
1017 2519 1120 2579 eadem
1134 2519 1250 2579 duobus
1265 2528 1357 2599 nupta

270 2626 337 2668 esse
351 2625 413 2667 non
429 2611 540 2683 potest:
563 2603 633 2664 item
657 2605 682 2664 si
701 2605 799 2664 adhuc
814 2622 916 2664 socrus
939 2610 991 2677 est,
1015 2604 1044 2664 id
1066 2612 1112 2666 est
1133 2605 1157 2666 si
1180 2605 1277 2666 adhuc
1299 2606 1358 2666 filia

271 2693 335 2763 eius
358 2691 410 2753 tihi
433 2698 526 2769 nupta
547 2698 601 2764 θεῖ,
625 2689 690 2750 111θο
711 2689 912 2767 impediuntur
926 2690 1054 2768 nuptiae,
1078 2691 1147 2768 quia
1161 2691 1236 2751 duas
1251 2711 1357 2754 uxores

270 2779 380 2840 habere
402 2797 464 2838 non
485 2776 591 2855 possis.
632 2776 728 2837 Mariti
748 2782 849 2835 tamen
872 2775 949 2836 filius
972 2795 1009 2836 ex
1031 2777 1087 2837 alia
1103 2795 1194 2838 uxore
1214 2784 1243 2837 et
1258 2778 1392 2837 uxoris&

271 2864 331 2923 fitia
353 2883 390 2925 ex
412 2863 470 2922 aiio
492 2862 598 2921 marito
621 2863 666 2922 vel
693 2869 796 2922 contra
821 2861 1045 2928 matrimonium
1068 2869 1145 2922 rente
1167 2863 1354 2934 contrahunt,

270 2948 338 3008 lieet
364 2947 494 3006 habeant
524 2947 646 3006 tratrem
676 2965 846 3007 sororemve
877 2965 913 3006 ex
944 2946 1134 3007 matrimonio
1161 2953 1263 3025 postea
1289 2967 1356 3009 oon·

269 3039 364 3094 tracto
386 3037 482 3093 natos.
527 3030 560 3092 Si
581 3050 655 3090 uxor
684 3039 737 3092 tua
764 3036 831 3108 post
859 3030 1015 3091 divortium
1041 3051 1078 3094 ex
1100 3032 1156 3094 atio
1179 3032 1269 3094 filiam
1292 3038 1390 3112 pro-9

268 3117 424 3192 ornaverit,
454 3117 528 3178 haee
555 3135 615 3178 non
645 3125 690 3178 θεῖ
718 3116 838 3194 quidem
865 3115 1000 3195 privigna
1020 3125 1092 3180 tua:
1127 3120 1178 3181 sed
1204 3120 1356 3190 Iulianus6

268 3203 440 3268 huiusmodi
463 3202 573 3282 nuptiis
595 3203 742 3280 abstinere
763 3203 870 3264 debere
892 3203 945 3266 ait:
968 3225 1040 3266 nam
1064 3225 1118 3268 neo
1140 3226 1282 3285 sponsam
1305 3209 1355 3270 filii

268 3311 377 3354 nurum
399 3310 465 3353 esse
486 3309 542 3352 neo
564 3291 654 3370 patris
676 3309 818 3368 sponsam
843 3310 1000 3354 novercam
1022 3312 1099 3368 esse,
1124 3293 1232 3356 rectius
1255 3301 1354 3356 tamen

267 3385 298 3439 et
327 3379 390 3439 iure
420 3377 550 3438 facturos
578 3396 644 3450 eos,
675 3377 725 3454 qui
751 3375 922 3438 huiusmodi
951 3379 1059 3458 nuptiis
1091 3399 1123 3441 se
1151 3381 1354 3443 abstinuerint.

270 3465 344 3526 iliud
367 3471 479 3525 eertum
502 3471 547 3524 est
569 3463 687 3525 serviles
709 3482 828 3540 quoque
850 3465 1041 3542 cognationes
1064 3465 1274 3544 impedimento
1291 3487 1355 3530 esse
1375 3471 1406 3526 10

152 3545 156 3549 ’
268 3550 393 3628 nuptiis,
425 3550 449 3610 si
475 3551 550 3611 forte
576 3557 659 3629 pater
687 3557 716 3610 et
741 3550 800 3610 tilia
827 3557 878 3610 aut
904 3551 993 3612 frater
1019 3559 1047 3613 et
1073 3570 1157 3614 soror
1178 3554 1354 3616 manumissi

267 3636 383 3700 tuerint.
421 3631 513 3696 <Sunt
534 3643 563 3697 et
584 3636 658 3696 aliae
680 3655 833 3714 personae,
856 3655 933 3713 quae
948 3644 1065 3715 propter
1079 3638 1210 3700 diversas
1225 3640 1353 3702 rationes
1374 3645 1405 3698 11

265 3717 400 3801 <nuptias
423 3723 596 3784 contrahere
620 3721 820 3800 prohibentur,
845 3741 919 3798 quas
942 3723 972 3783 in
994 3724 1076 3786 libris
1099 3725 1282 3803 digestorum
1302 3745 1354 3788 seu

265 3803 495 3887 <pande-storum
518 3827 554 3870 ex
572 3808 662 3888 ¹veteri
676 3808 739 3870 iure
755 3809 942 3884 collectarum
957 3810 1124 3871 enumerari
1139 3808 1352 3888 permisimus.>

337 3964 401 4014 ¹rio
419 3963 472 4027 ΡΘ,
487 3973 597 4035 ¹quartus
646 3965 711 4016 adua
729 3964 763 4025 sit
776 3950 836 4029 AB,
853 3972 945 4030 quarto
957 3953 1041 4032 gradu
1059 3966 1093 4016 sit
1105 3965 1133 4016 E
1202 3967 1212 3997 ²
1231 3967 1274 4016 aio.
1294 3965 1352 4018 dett.

264 4048 324 4084 cum
344 4029 376 4097 Θ,
398 4034 508 4084 habetur
526 4031 604 4091 ABP
697 4032 826 4086 ⁸ratione
844 4034 917 4098 dett,
940 4034 985 4085 aad
1006 4031 1080 4084 αἰδοῖ
1099 4037 1144 4100 τῆς
1163 4031 1309 4100 ἀγχιστείας
1330 4033 1354 4100 Θ
1433 4033 1435 4037 ’

264 4099 535 4236 ᾉῖὲοὲξῆἱὲεέέ,
551 4119 602 4195 σπι,
612 4101 638 4152 Β
708 4101 720 4132 ⁸
737 4099 844 4168 tuaest]
858 4095 915 4167 ΡΕ,
932 4103 1010 4155 marii
1028 4103 1179 4167 est'Afom.
1194 4103 1218 4152 B
1270 4103 1295 4190 :⁰
1309 4103 1355 4192 ‘oft
