3309 4917
320 416 356 483 11,
368 417 455 473 2425
490 461 499 482 ,
760 416 999 512 —jtt—us
1013 433 1088 478 succ.
1104 433 1171 478 nus.
1188 434 1247 480 ess
1261 435 1322 479 rm.
1338 436 1423 483 nuc.

322 590 464 671 *amplius
487 596 548 664 est,
570 587 710 650 inutiliter
730 588 913 665 relinquitur.
954 606 1022 648 cum
1045 595 1143 648 autem
1166 587 1332 650 alienares
1356 611 1418 668 per

322 676 600 739 'fideicommissum
622 675 803 750 relinquitur,
827 693 949 736 necesse
970 680 1015 734 est
1036 673 1063 733 ei
1076 672 1126 750 qui
1142 680 1264 752 rogatus
1286 683 1333 735 est
1356 685 1419 740 aut

323 761 433 843 *ipsam
462 761 606 824 redimere
632 768 662 823 et
682 768 831 838 praestare
861 767 911 822 aut
936 758 1170 821 aestimationem
1195 758 1258 820 eius
1281 761 1416 825 solvere·

286 861 302 916 2
323 847 495 911 PlLibertas
524 865 643 925 quoque
670 865 756 908 servo
781 866 834 923 per
853 845 1118 908 fideicommissum
1144 844 1207 905 dari
1234 854 1345 923 potest,
1377 857 1417 910 ut

323 933 425 997 *heres
447 931 541 996 eum²
564 939 685 1011 rogetur
706 932 914 994 manumittere
929 933 974 993 vel
995 930 1153 1010 legatarius
1174 926 1235 991 <vel
1257 931 1413 996 fideicom-

322 1016 517 1083 *missarius'
553 1039 608 1081 nec
629 1019 760 1092 interest,
782 1025 883 1079 utrum
905 1017 942 1080 de
964 1036 1017 1079 suo
1037 1017 1153 1095 proprio
1175 1036 1258 1078 servo
1280 1026 1415 1082 testator·

322 1106 431 1186 *roget
455 1127 495 1167 an
518 1106 555 1166 de
577 1124 617 1166 eo
634 1105 685 1183 qui
706 1105 798 1183 ipsius
819 1104 936 1166 heredis
957 1112 1008 1164 aut
1030 1102 1161 1181 legatarii
1176 1103 1222 1163 vel
1243 1103 1332 1165 etiam
1355 1127 1410 1168 ex·-

322 1192 432 1254 *tranei
454 1193 503 1254 sit.
538 1189 661 1270 itaque³
683 1191 797 1252 alienus
819 1210 921 1251 servus
936 1189 1041 1250 redimi
1062 1196 1090 1250 et
1111 1188 1279 1250 manumitti
1302 1191 1412 1255 debet:

321 1277 415 1356 *quod
438 1279 464 1340 si
485 1278 624 1339 dominus
645 1297 715 1339 eum
730 1295 792 1337 non
807 1272 941 1351 vendat⁴,
966 1270 1025 1335 4<si
1047 1275 1135 1336 modo
1150 1275 1223 1336 nihil
1238 1295 1274 1336 ex
1296 1277 1411 1341 iudicio

318 1363 396 1426 ‘eius
427 1366 478 1444 qui
508 1365 623 1442 reliquit
650 1363 815 1425 libertatem
846 1362 985 1441 percepit,
1014 1379 1075 1423 non
1102 1361 1200 1422 statim
1222 1362 1411 1440 extinguitur

318 1448 607 1514 ‘fideicommissaria
636 1449 769 1522 libertae,
799 1449 851 1509 sed
864 1515 866 1520 ,
879 1448 1022 1522 differtur,
1052 1446 1121 1525 quia
1150 1447 1243 1524 possit
1269 1455 1409 1526 tempore

319 1535 521 1616 ‘procedente
544 1535 724 1612 ubicumque
742 1534 858 1594 occasio
874 1533 1034 1594 redimendi
1049 1533 1124 1594 servi
1140 1533 1234 1607 luerit,
1258 1538 1407 1612 praestari

256 1675 260 1682 .
318 1619 480 1686 ‘libertas'
517 1618 602 1699 ⁵*qui
623 1628 723 1680 autem
749 1639 785 1680 ex
815 1639 905 1680 causa
930 1618 1147 1680 fideicommissi
1173 1621 1404 1698 manumittitur,

321 1707 397 1770 'non
413 1707 561 1770 testatoris
583 1706 616 1767 fit
630 1707 760 1780 libertus,
784 1705 898 1766 etiamsi
914 1705 1058 1767 testatoris
1074 1723 1175 1766 servus
1198 1705 1244 1780 sit,
1267 1707 1317 1767 sed
1338 1707 1407 1770 eius

321 1791 387 1872 *qui
409 1793 611 1855 manumittit:
634 1799 665 1853 at
686 1792 721 1865 is,
744 1791 795 1869 qui
816 1791 925 1853 directo
948 1798 1124 1852 testamento
1145 1791 1219 1851 liber
1234 1811 1299 1854 esse
1320 1793 1403 1856 iube-

321 1877 392 1954 *tur,
416 1881 508 1959 ipsius
530 1879 678 1940 testatoris
700 1878 733 1939 fit
747 1875 895 1956 libertus,
918 1875 969 1957 qui
991 1878 1079 1940 etiam
1094 1877 1212 1939 orcinus
1227 1879 1402 1957 appellatur.

320 1963 390 2027 *nec
412 1967 489 2028 alius
512 1967 591 2026 ullus
613 1965 722 2026 directo
744 1984 781 2025 ex
795 1971 972 2026 testamento
987 1965 1149 2026 libertatem
1164 1964 1273 2026 habere
1293 1972 1401 2043 potest,

320 2050 425 2130 *quam
448 2052 505 2129 qui
532 2060 658 2129 unoque
683 2059 816 2128 tempore
845 2050 991 2112 testatoris
1020 2051 1118 2124 luerit,
1152 2057 1181 2112 et
1209 2069 1268 2127 quo
1293 2050 1403 2114 laceret

319 2135 548 2199 *testamentum
571 2144 600 2198 et
622 2156 681 2213 quo
703 2133 892 2198 moreretur.⁴
930 2137 1039 2198 directo
1067 2144 1166 2197 autem
1187 2137 1306 2198 libertas
1328 2145 1404 2200 tunc

318 2223 382 2284 dari
405 2223 533 2296 videtur,
557 2241 624 2283 cum
647 2241 708 2283 non
732 2222 769 2281 ab
796 2222 854 2282 alio
881 2241 999 2282 servum
1026 2223 1195 2284 manumitti
1223 2231 1324 2302 rogat,
1348 2225 1403 2286 sed

283 2309 398 2379 tlvelut
419 2328 457 2370 ex
480 2328 535 2369 suo
558 2313 733 2370 testamento
748 2307 911 2368 libertatem
934 2308 961 2368 ei
982 2317 1147 2387 competere
1161 2310 1231 2371 vult.
1268 2308 1401 2372 ⁸*Verba

322 2391 436 2456 *autem
460 2394 755 2456 fideicommissorum
771 2392 845 2454 baec
859 2395 989 2455 maxime
1003 2395 1033 2457 in
1049 2415 1105 2456 usu
1119 2396 1296 2457 habeantur:
1319 2404 1398 2474 peto,

319 2478 416 2559 *roga
441 2482 518 2556 volo,
542 2482 661 2555 mando,
685 2479 751 2540 fidei
772 2487 841 2540 tuae
854 2481 1015 2543 committo.
1050 2501 1125 2558 quae
1140 2483 1260 2561 perinde
1282 2484 1401 2562 singula

318 2564 419 2628 *firma
442 2575 522 2640 sunt,
546 2574 634 2645 atque
657 2567 682 2628 si
704 2566 805 2628 omnia
827 2567 858 2626 in
880 2586 974 2628 unum
996 2576 1135 2645 congesta
1158 2565 1280 2630 essent*

809 2773 889 2833 XXV
900 2773 912 2811 ⁷

721 2889 769 2946 DE
790 2888 998 2947 contemtus,

380 3012 458 3074 Ante
480 3012 608 3092 Augusti
629 3021 763 3093 tempora
785 3021 901 3076 constat
926 3016 972 3076 ius
995 3015 1193 3077 codicillorum
1215 3036 1277 3078 non
1299 3017 1397 3092 luisse,

316 3098 367 3159 sed
391 3100 504 3177 primus
526 3100 634 3161 Lucius
656 3101 808 3174 Lentulus,
833 3121 869 3162 ex
891 3102 973 3163 cuius
994 3121 1122 3179 persona
1144 3104 1231 3165 etiam
1253 3103 1399 3166 fideicom-

315 3185 407 3244 missa
430 3192 604 3262 coeperunt,
631 3186 778 3247 codicillos
803 3187 973 3249 introduxit.
1012 3207 1083 3249 narn
1106 3208 1173 3250 cum
1197 3190 1347 3252 decederet
1367 3192 1399 3251 in

192 3295 197 3307 =
275 3326 278 3333 ,
315 3269 414 3330 Africa
423 3269 446 3343 ⁸,
475 3270 591 3347 scripsit
617 3272 765 3333 codicillos
794 3279 971 3334 testamento
998 3275 1202 3350 confirmatos,
1230 3276 1337 3353 quibus
1360 3279 1398 3338 ab

314 3355 452 3430 Augusto
475 3355 555 3432 petiit
578 3375 630 3434 per
651 3356 920 3434 fideicommissum,
945 3367 977 3420 ut
998 3360 1104 3421 laceret
1130 3360 1251 3438 aliquid:
1278 3369 1307 3422 et
1330 3380 1397 3422 cum

314 3438 399 3499 divus
424 3441 577 3518 Augustus
595 3443 778 3503 voluntatem
801 3444 864 3504 eius
879 3444 1038 3523 implesset,
1061 3445 1199 3525 deinceps
1214 3446 1317 3524 reliqui
1331 3466 1397 3508 auc·

313 3524 462 3585 toritatem
491 3525 555 3586 eius
578 3527 669 3588 secuti
692 3528 920 3591 fideicommissa
941 3533 1131 3609 praestabant
1152 3539 1180 3594 et
1201 3532 1260 3593 filia
1282 3531 1398 3594 Lentuli

313 3609 419 3686 legata,
443 3629 520 3687 quae
540 3603 605 3673 iure
629 3633 690 3674 non
713 3615 848 3689 debebat,
874 3617 968 3679 solvit.
1005 3617 1108 3678 dicitur
1122 3618 1273 3696 Augustus
1293 3637 1398 3680 convo·

313 3713 396 3756 casse
411 3695 582 3773 prudentes,
607 3697 683 3761 inter
705 3719 781 3777 quos
797 3699 970 3764 Trebatium
985 3722 1111 3781 quoque,
1135 3705 1217 3766 cuius
1239 3713 1310 3767 tunc
1332 3720 1398 3766 auc·

384 3847 394 3880 ¹
413 3848 473 3900 Gai.
485 3846 510 3914 2,
520 3847 588 3903 260.
598 3887 604 3902 .
614 3849 666 3905 265
742 3852 753 3884 ¹
770 3855 845 3907 heres
862 3872 922 3908 cum
939 3856 1019 3919 BTO,
1043 3874 1102 3909 eum
1124 3859 1198 3912 beree
1216 3859 1247 3926 P,
1264 3861 1307 3912 vel
1323 3861 1398 3913 heres

314 3917 374 3970 Gai
427 3917 552 3986 ⁸itaque]
573 3919 635 3972 liert
652 3939 710 3974 aum
724 3919 756 3987 Θ,
774 3925 864 3991 itaquo
881 3935 907 3978 et
924 3927 982 3979 dett.
1001 3944 1058 3980 eum
1071 3928 1138 3982 Gaio
1191 3930 1349 3997 ‘aequanda
1366 3945 1398 3982 ee

314 3985 648 4053 coenatiunculam
711 3991 893 4059 scatente
955 3995 1134 4064 manante
1196 3997 1396 4068 'Ofith.29,7

314 4056 378 4108 Ood.
388 4055 413 4122 6,
424 4055 458 4110 36
530 4059 596 4110 ἐἰσ
612 4059 638 4111 Β
663 4076 720 4113 enm
739 4059 773 4128 Θ,
795 4065 839 4130 qut
860 4065 991 4119 codicillos
1013 4069 1102 4120 mortio
1122 4079 1233 4136 tempore
1254 4072 1282 4123 in
1300 4070 1397 4140 Africa

311 4125 395 4190 foetos
405 4127 493 4194 finqit,
510 4129 616 4181 africam
639 4128 665 4181 Τ
