<?xml version="1.0" encoding="UTF-8"?>
<!DOCTYPE html PUBLIC "-//W3C//DTD XHTML 1.0 Transitional//EN"
    "http://www.w3.org/TR/xhtml1/DTD/xhtml1-transitional.dtd">
<html xmlns="http://www.w3.org/1999/xhtml" xml:lang="en" lang="en">
 <head>
  <title>
</title>
<meta http-equiv="Content-Type" content="text/html;charset=utf-8" />
  <meta name='ocr-system' content='tesseract 3.04.00' />
  <meta name='ocr-capabilities' content='ocr_page ocr_carea ocr_par ocr_line ocrx_word'/>
</head>
<body>
  <div class='ocr_page' id='page_1' title='image "./iustinianiinsti00kruegoog_0096.png"; bbox 0 0 3309 4917; ppageno 0'>
   <div class='ocr_carea' id='block_1_1' title="bbox 325 464 1421 532">
    <p class='ocr_par' dir='ltr' id='par_1_1' title="bbox 325 464 1421 532">
     <span class='ocr_line' id='line_1_1' title="bbox 325 464 1421 532; baseline 0.012 -14"><span class='ocrx_word' id='word_1_1' title='bbox 325 464 412 530; x_wconf 76' lang='grc' dir='ltr'>ιιιι</span> <span class='ocrx_word' id='word_1_2' title='bbox 850 466 892 529; x_wconf 85' lang='grc'><strong>84</strong></span> <span class='ocrx_word' id='word_1_3' title='bbox 1073 483 1421 532; x_wconf 77' lang='lat' dir='ltr'><strong>nurmnrcouuissanrrs</strong></span> 
     </span>
    </p>
   </div>
   <div class='ocr_carea' id='block_1_2' title="bbox 184 636 1512 3987">
    <p class='ocr_par' dir='ltr' id='par_1_2' title="bbox 184 636 1512 3987">
     <span class='ocr_line' id='line_1_2' title="bbox 329 636 1419 720; baseline 0 -20"><span class='ocrx_word' id='word_1_4' title='bbox 329 636 469 702; x_wconf 85' lang='lat' dir='ltr'><strong>&lt;consulti</strong></span> <span class='ocrx_word' id='word_1_5' title='bbox 490 639 593 713; x_wconf 82' lang='lat' dir='ltr'><strong>fuerat,</strong></span> <span class='ocrx_word' id='word_1_6' title='bbox 615 644 657 712; x_wconf 94' lang='lat' dir='ltr'><strong>ut,</strong></span> <span class='ocrx_word' id='word_1_7' title='bbox 681 639 800 716; x_wconf 88' lang='lat' dir='ltr'><strong>quando</strong></span> <span class='ocrx_word' id='word_1_8' title='bbox 816 639 971 701; x_wconf 80' lang='lat' dir='ltr'><strong>recusabat</strong></span> <span class='ocrx_word' id='word_1_9' title='bbox 992 637 1077 700; x_wconf 87' lang='lat' dir='ltr'><strong>heres</strong></span> <span class='ocrx_word' id='word_1_10' title='bbox 1093 637 1218 716; x_wconf 85' lang='lat' dir='ltr'><strong>scriptus</strong></span> <span class='ocrx_word' id='word_1_11' title='bbox 1233 637 1419 720; x_wconf 56' lang='lat' dir='ltr'><strong>sibiffdatam</strong></span> 
     </span>
     <span class='ocr_line' id='line_1_3' title="bbox 329 721 1417 803; baseline 0 -18"><span class='ocrx_word' id='word_1_12' title='bbox 329 721 535 788; x_wconf 80' lang='lat' dir='ltr'>‘hereditatem</span> <span class='ocrx_word' id='word_1_13' title='bbox 557 725 657 798; x_wconf 88' lang='lat' dir='ltr'><strong>adire,</strong></span> <span class='ocrx_word' id='word_1_14' title='bbox 669 725 830 787; x_wconf 79' lang='lat' dir='ltr'><strong>necessitas</strong></span> <span class='ocrx_word' id='word_1_15' title='bbox 852 724 878 787; x_wconf 92' lang='lat' dir='ltr'><strong>ei</strong></span> <span class='ocrx_word' id='word_1_16' title='bbox 892 725 1091 803; x_wconf 77' lang='lat' dir='ltr'><strong>imponeretur</strong></span> <span class='ocrx_word' id='word_1_17' title='bbox 1105 731 1198 786; x_wconf 89' lang='lat' dir='ltr'><strong>totam</strong></span> <span class='ocrx_word' id='word_1_18' title='bbox 1219 722 1417 788; x_wconf 85' lang='lat' dir='ltr'><strong>hereditatem</strong></span> 
     </span>
     <span class='ocr_line' id='line_1_4' title="bbox 329 807 1418 875; baseline 0.001 -4.015"><span class='ocrx_word' id='word_1_19' title='bbox 329 807 454 872; x_wconf 82' lang='lat' dir='ltr'><strong>‘volenti</strong></span> <span class='ocrx_word' id='word_1_20' title='bbox 475 810 746 872; x_wconf 83' lang='lat' dir='ltr'><strong>fideicommissario</strong></span> <span class='ocrx_word' id='word_1_21' title='bbox 762 811 913 874; x_wconf 82' lang='lat' dir='ltr'><strong>restituere</strong></span> <span class='ocrx_word' id='word_1_22' title='bbox 935 818 964 872; x_wconf 89' lang='lat' dir='ltr'><strong>ct</strong></span> <span class='ocrx_word' id='word_1_23' title='bbox 978 829 1083 873; x_wconf 89' lang='lat' dir='ltr'><strong>omnes</strong></span> <span class='ocrx_word' id='word_1_24' title='bbox 1105 810 1143 872; x_wconf 88' lang='lat' dir='ltr'><strong>ad</strong></span> <span class='ocrx_word' id='word_1_25' title='bbox 1165 829 1235 872; x_wconf 91' lang='lat' dir='ltr'><strong>eum</strong></span> <span class='ocrx_word' id='word_1_26' title='bbox 1257 818 1286 872; x_wconf 90' lang='lat' dir='ltr'><strong>et</strong></span> <span class='ocrx_word' id='word_1_27' title='bbox 1303 818 1418 875; x_wconf 85' lang='lat' dir='ltr'><strong>eontra</strong></span> 
     </span>
     <span class='ocr_line' id='line_1_5' title="bbox 330 892 1417 975; baseline -0.002 -14.972"><span class='ocrx_word' id='word_1_28' title='bbox 330 892 414 960; x_wconf 83' lang='lat' dir='ltr'><strong>&lt;eum</strong></span> <span class='ocrx_word' id='word_1_29' title='bbox 436 896 584 960; x_wconf 83' lang='lat' dir='ltr'><strong>transirel</strong></span> <span class='ocrx_word' id='word_1_30' title='bbox 606 897 745 970; x_wconf 78' lang='lat' dir='ltr'><strong>actiones,</strong></span> <span class='ocrx_word' id='word_1_31' title='bbox 769 904 799 958; x_wconf 90' lang='lat' dir='ltr'><strong>et</strong></span> <span class='ocrx_word' id='word_1_32' title='bbox 820 898 878 960; x_wconf 90' lang='lat' dir='ltr'><strong>hoo</strong></span> <span class='ocrx_word' id='word_1_33' title='bbox 900 897 1121 975; x_wconf 87' lang='lat' dir='ltr'><strong>transponimus</strong></span> <span class='ocrx_word' id='word_1_34' title='bbox 1143 896 1329 960; x_wconf 77' lang='lat' dir='ltr'><strong>adseratur</strong></span> <span class='ocrx_word' id='word_1_35' title='bbox 1342 915 1417 962; x_wconf 79' lang='lat' dir='ltr'><strong>corr·</strong></span> 
     </span>
     <span class='ocr_line' id='line_1_6' title="bbox 329 979 1417 1057; baseline -0.002 -10.968"><span class='ocrx_word' id='word_1_36' title='bbox 329 979 457 1046; x_wconf 79' lang='lat' dir='ltr'><strong>‘sultam</strong></span> <span class='ocrx_word' id='word_1_37' title='bbox 472 982 701 1057; x_wconf 82' lang='lat' dir='ltr'><strong>Trebellianum,</strong></span> <span class='ocrx_word' id='word_1_38' title='bbox 725 990 757 1047; x_wconf 89' lang='lat' dir='ltr'><strong>ut</strong></span> <span class='ocrx_word' id='word_1_39' title='bbox 779 1003 815 1045; x_wconf 85' lang='lat' dir='ltr'><strong>ex</strong></span> <span class='ocrx_word' id='word_1_40' title='bbox 837 984 895 1045; x_wconf 89' lang='lat' dir='ltr'><strong>hoc</strong></span> <span class='ocrx_word' id='word_1_41' title='bbox 917 985 980 1045; x_wconf 92' lang='lat' dir='ltr'><strong>solo</strong></span> <span class='ocrx_word' id='word_1_42' title='bbox 1003 990 1033 1044; x_wconf 91' lang='lat' dir='ltr'><strong>et</strong></span> <span class='ocrx_word' id='word_1_43' title='bbox 1053 983 1213 1044; x_wconf 83' lang='lat' dir='ltr'><strong>necessitas</strong></span> <span class='ocrx_word' id='word_1_44' title='bbox 1235 983 1367 1046; x_wconf 58' lang='lat' dir='ltr'><strong>heredi*</strong></span> <span class='ocrx_word' id='word_1_45' title='bbox 1359 1002 1417 1046; x_wconf 86' lang='lat' dir='ltr'><strong>rm-</strong></span> 
     </span>
     <span class='ocr_line' id='line_1_7' title="bbox 330 1065 1417 1183; baseline 0 -53"><span class='ocrx_word' id='word_1_46' title='bbox 330 1065 481 1183; x_wconf 59' lang='lat' dir='ltr'><strong>:ponatur</strong></span> <span class='ocrx_word' id='word_1_47' title='bbox 497 1071 522 1132; x_wconf 83' lang='lat' dir='ltr'><strong>&#39;si</strong></span> <span class='ocrx_word' id='word_1_48' title='bbox 534 1070 600 1148; x_wconf 90' lang='lat' dir='ltr'><strong>ipso</strong></span> <span class='ocrx_word' id='word_1_49' title='bbox 614 1070 733 1132; x_wconf 90' lang='lat' dir='ltr'><strong>nolente</strong></span> <span class='ocrx_word' id='word_1_50' title='bbox 743 1069 824 1132; x_wconf 87' lang='lat' dir='ltr'><strong>adire</strong></span> <span class='ocrx_word' id='word_1_51' title='bbox 835 1067 1124 1132; x_wconf 88' lang='lat' dir='ltr'><strong>fideicommissarius</strong></span> <span class='ocrx_word' id='word_1_52' title='bbox 1139 1068 1283 1131; x_wconf 87' lang='lat' dir='ltr'><strong>desiderat</strong></span> <span class='ocrx_word' id='word_1_53' title='bbox 1298 1069 1417 1132; x_wconf 85' lang='lat' dir='ltr'><strong>restitui</strong></span> 
     </span>
     <span class='ocr_line' id='line_1_8' title="bbox 330 1151 1416 1233; baseline 0.001 -17.014"><span class='ocrx_word' id='word_1_54' title='bbox 330 1151 399 1217; x_wconf 91' lang='lat' dir='ltr'><strong>sihi</strong></span> <span class='ocrx_word' id='word_1_55' title='bbox 418 1156 620 1228; x_wconf 87' lang='lat' dir='ltr'><strong>hereditatem,</strong></span> <span class='ocrx_word' id='word_1_56' title='bbox 643 1157 726 1218; x_wconf 91' lang='lat' dir='ltr'><strong>nullo</strong></span> <span class='ocrx_word' id='word_1_57' title='bbox 740 1175 796 1218; x_wconf 89' lang='lat' dir='ltr'><strong>nec</strong></span> <span class='ocrx_word' id='word_1_58' title='bbox 809 1156 920 1219; x_wconf 90' lang='lat' dir='ltr'><strong>damno</strong></span> <span class='ocrx_word' id='word_1_59' title='bbox 935 1175 991 1218; x_wconf 90' lang='lat' dir='ltr'><strong>neo</strong></span> <span class='ocrx_word' id='word_1_60' title='bbox 1005 1155 1161 1217; x_wconf 87' lang='lat' dir='ltr'><strong>commodo</strong></span> <span class='ocrx_word' id='word_1_61' title='bbox 1176 1155 1255 1233; x_wconf 87' lang='lat' dir='ltr'><strong>apud</strong></span> <span class='ocrx_word' id='word_1_62' title='bbox 1269 1155 1416 1217; x_wconf 81' lang='lat' dir='ltr'><strong>heredem</strong></span> 
     </span>
     <span class='ocr_line' id='line_1_9' title="bbox 295 1237 1416 1318; baseline 0.001 -16"><span class='ocrx_word' id='word_1_63' title='bbox 295 1249 311 1303; x_wconf 90' lang='lat'>8</span> <span class='ocrx_word' id='word_1_64' title='bbox 330 1237 509 1304; x_wconf 86' lang='lat' dir='ltr'><strong>manente.&gt;</strong></span> <span class='ocrx_word' id='word_1_65' title='bbox 548 1239 661 1305; x_wconf 69' lang='grc' dir='ltr'><strong>2Νἰιιιι</strong></span> <span class='ocrx_word' id='word_1_66' title='bbox 683 1249 782 1306; x_wconf 88' lang='lat' dir='ltr'><strong>autem</strong></span> <span class='ocrx_word' id='word_1_67' title='bbox 803 1243 933 1316; x_wconf 89' lang='lat' dir='ltr'><strong>interest,</strong></span> <span class='ocrx_word' id='word_1_68' title='bbox 956 1249 1057 1304; x_wconf 89' lang='lat' dir='ltr'><strong>utrum</strong></span> <span class='ocrx_word' id='word_1_69' title='bbox 1072 1241 1177 1318; x_wconf 85' lang='lat' dir='ltr'><strong>aliquis</strong></span> <span class='ocrx_word' id='word_1_70' title='bbox 1192 1261 1229 1302; x_wconf 85' lang='lat' dir='ltr'><strong>ex</strong></span> <span class='ocrx_word' id='word_1_71' title='bbox 1243 1260 1309 1302; x_wconf 90' lang='lat' dir='ltr'><strong>asse</strong></span> <span class='ocrx_word' id='word_1_72' title='bbox 1324 1241 1416 1303; x_wconf 88' lang='lat' dir='ltr'><strong>heres</strong></span> 
     </span>
     <span class='ocr_line' id='line_1_10' title="bbox 331 1325 1414 1413; baseline -0.006 -19.921"><span class='ocrx_word' id='word_1_73' title='bbox 331 1325 495 1393; x_wconf 88' lang='lat' dir='ltr'><strong>institutus</strong></span> <span class='ocrx_word' id='word_1_74' title='bbox 511 1336 564 1413; x_wconf 78' lang='lat' dir='ltr'><strong>aut</strong></span> <span class='ocrx_word' id='word_1_75' title='bbox 574 1335 668 1390; x_wconf 90' lang='lat' dir='ltr'><strong>totam</strong></span> <span class='ocrx_word' id='word_1_76' title='bbox 682 1329 874 1390; x_wconf 82' lang='lat' dir='ltr'><strong>hereditatem</strong></span> <span class='ocrx_word' id='word_1_77' title='bbox 890 1334 941 1389; x_wconf 86' lang='lat' dir='ltr'><strong>aut</strong></span> <span class='ocrx_word' id='word_1_78' title='bbox 957 1347 1009 1405; x_wconf 91' lang='lat' dir='ltr'><strong>pro</strong></span> <span class='ocrx_word' id='word_1_79' title='bbox 1023 1334 1105 1406; x_wconf 86' lang='lat' dir='ltr'><strong>parte</strong></span> <span class='ocrx_word' id='word_1_80' title='bbox 1116 1327 1267 1388; x_wconf 84' lang='lat' dir='ltr'><strong>restituere</strong></span> <span class='ocrx_word' id='word_1_81' title='bbox 1278 1335 1414 1406; x_wconf 84' lang='lat' dir='ltr'><strong>rogatur,</strong></span> 
     </span>
     <span class='ocr_line' id='line_1_11' title="bbox 326 1411 1415 1494; baseline -0.001 -18.982"><span class='ocrx_word' id='word_1_82' title='bbox 326 1411 384 1481; x_wconf 90' lang='lat' dir='ltr'><strong>an</strong></span> <span class='ocrx_word' id='word_1_83' title='bbox 406 1435 443 1480; x_wconf 81' lang='lat' dir='ltr'><strong>ex</strong></span> <span class='ocrx_word' id='word_1_84' title='bbox 456 1424 547 1494; x_wconf 85' lang='lat' dir='ltr'><strong>parte</strong></span> <span class='ocrx_word' id='word_1_85' title='bbox 569 1415 654 1477; x_wconf 89' lang='lat' dir='ltr'><strong>heres</strong></span> <span class='ocrx_word' id='word_1_86' title='bbox 676 1415 825 1476; x_wconf 87' lang='lat' dir='ltr'><strong>institutus</strong></span> <span class='ocrx_word' id='word_1_87' title='bbox 846 1421 897 1476; x_wconf 88' lang='lat' dir='ltr'><strong>aut</strong></span> <span class='ocrx_word' id='word_1_88' title='bbox 911 1420 1004 1475; x_wconf 89' lang='lat' dir='ltr'><strong>totam</strong></span> <span class='ocrx_word' id='word_1_89' title='bbox 1020 1433 1086 1474; x_wconf 89' lang='lat' dir='ltr'><strong>eam</strong></span> <span class='ocrx_word' id='word_1_90' title='bbox 1095 1411 1236 1492; x_wconf 75' lang='lat' dir='ltr'><strong>³partem</strong></span> <span class='ocrx_word' id='word_1_91' title='bbox 1252 1421 1302 1475; x_wconf 91' lang='lat' dir='ltr'><strong>aut</strong></span> <span class='ocrx_word' id='word_1_92' title='bbox 1317 1415 1415 1492; x_wconf 89' lang='lat' dir='ltr'><strong>partis</strong></span> 
     </span>
     <span class='ocr_line' id='line_1_12' title="bbox 326 1495 1416 1598; baseline -0.003 -33.938"><span class='ocrx_word' id='word_1_93' title='bbox 326 1498 458 1580; x_wconf 81' lang='lat' dir='ltr'><strong>partem</strong></span> <span class='ocrx_word' id='word_1_94' title='bbox 481 1502 633 1563; x_wconf 90' lang='lat' dir='ltr'><strong>restituere</strong></span> <span class='ocrx_word' id='word_1_95' title='bbox 654 1509 789 1598; x_wconf 85' lang='lat' dir='ltr'><strong>rogatur:</strong></span> <span class='ocrx_word' id='word_1_96' title='bbox 812 1519 883 1560; x_wconf 90' lang='lat' dir='ltr'><strong>nam</strong></span> <span class='ocrx_word' id='word_1_97' title='bbox 906 1507 934 1562; x_wconf 90' lang='lat' dir='ltr'><strong>et</strong></span> <span class='ocrx_word' id='word_1_98' title='bbox 953 1499 1010 1562; x_wconf 92' lang='lat' dir='ltr'><strong>hoc</strong></span> <span class='ocrx_word' id='word_1_99' title='bbox 1025 1496 1109 1560; x_wconf 89' lang='lat' dir='ltr'><strong>casu</strong></span> <span class='ocrx_word' id='word_1_100' title='bbox 1125 1495 1242 1560; x_wconf 85' lang='lat' dir='ltr'><strong>eadem</strong></span> <span class='ocrx_word' id='word_1_101' title='bbox 1259 1499 1416 1561; x_wconf 80' lang='lat' dir='ltr'><strong>observari</strong></span> 
     </span>
     <span class='ocr_line' id='line_1_13' title="bbox 330 1581 1411 1667; baseline -0.002 -17"><span class='ocrx_word' id='word_1_102' title='bbox 330 1584 553 1666; x_wconf 65' lang='lat' dir='ltr'><strong>‘praecipimus</strong></span> <span class='ocrx_word' id='word_1_103' title='bbox 581 1605 657 1664; x_wconf 87' lang='lat' dir='ltr'><strong>quae</strong></span> <span class='ocrx_word' id='word_1_104' title='bbox 682 1587 713 1646; x_wconf 91' lang='lat' dir='ltr'><strong>in</strong></span> <span class='ocrx_word' id='word_1_105' title='bbox 742 1585 830 1647; x_wconf 90' lang='lat' dir='ltr'><strong>totius</strong></span> <span class='ocrx_word' id='word_1_106' title='bbox 856 1586 1024 1646; x_wconf 86' lang='lat' dir='ltr'><strong>hereditatis</strong></span> <span class='ocrx_word' id='word_1_107' title='bbox 1051 1585 1232 1667; x_wconf 73' lang='lat' dir='ltr'><strong>restitutione</strong></span> <span class='ocrx_word' id='word_1_108' title='bbox 1254 1581 1411 1648; x_wconf 78' lang='lat' dir='ltr'><strong>diximus</strong></span> 
     </span>
     <span class='ocr_line' id='line_1_14' title="bbox 294 1671 1493 1754; baseline -0.001 -20"><span class='ocrx_word' id='word_1_109' title='bbox 294 1674 361 1735; x_wconf 71' lang='lat' dir='ltr'><strong>tsi</strong></span> <span class='ocrx_word' id='word_1_110' title='bbox 383 1674 450 1751; x_wconf 85' lang='lat' dir='ltr'><strong>quis</strong></span> <span class='ocrx_word' id='word_1_111' title='bbox 471 1693 532 1735; x_wconf 91' lang='lat' dir='ltr'><strong>nna</strong></span> <span class='ocrx_word' id='word_1_112' title='bbox 558 1672 656 1749; x_wconf 85' lang='lat' dir='ltr'><strong>aliqua</strong></span> <span class='ocrx_word' id='word_1_113' title='bbox 677 1691 709 1732; x_wconf 90' lang='lat' dir='ltr'><strong>re</strong></span> <span class='ocrx_word' id='word_1_114' title='bbox 736 1671 859 1734; x_wconf 87' lang='lat' dir='ltr'><strong>deducta</strong></span> <span class='ocrx_word' id='word_1_115' title='bbox 885 1671 945 1732; x_wconf 87' lang='lat' dir='ltr'><strong>sive</strong></span> <span class='ocrx_word' id='word_1_116' title='bbox 972 1678 1139 1749; x_wconf 84' lang='lat' dir='ltr'><strong>praecepta,</strong></span> <span class='ocrx_word' id='word_1_117' title='bbox 1167 1690 1244 1748; x_wconf 88' lang='lat' dir='ltr'><strong>quae</strong></span> <span class='ocrx_word' id='word_1_118' title='bbox 1271 1679 1414 1749; x_wconf 87' lang='lat' dir='ltr'><strong>quartam</strong></span> <span class='ocrx_word' id='word_1_119' title='bbox 1488 1717 1493 1754; x_wconf 43' lang='grc' dir='ltr'>ι</span> 
     </span>
     <span class='ocr_line' id='line_1_15' title="bbox 329 1756 1414 1841; baseline 0 -22"><span class='ocrx_word' id='word_1_120' title='bbox 329 1759 472 1841; x_wconf 83' lang='lat' dir='ltr'><strong>continet,</strong></span> <span class='ocrx_word' id='word_1_121' title='bbox 495 1758 585 1819; x_wconf 90' lang='lat' dir='ltr'><strong>veluti</strong></span> <span class='ocrx_word' id='word_1_122' title='bbox 607 1757 698 1819; x_wconf 81' lang='lat' dir='ltr'><strong>fundo</strong></span> <span class='ocrx_word' id='word_1_123' title='bbox 720 1758 765 1818; x_wconf 86' lang='lat' dir='ltr'><strong>rel</strong></span> <span class='ocrx_word' id='word_1_124' title='bbox 787 1756 844 1818; x_wconf 87' lang='lat' dir='ltr'><strong>alia</strong></span> <span class='ocrx_word' id='word_1_125' title='bbox 866 1777 898 1819; x_wconf 88' lang='lat' dir='ltr'><strong>re</strong></span> <span class='ocrx_word' id='word_1_126' title='bbox 920 1764 1042 1836; x_wconf 88' lang='lat' dir='ltr'><strong>rogatus</strong></span> <span class='ocrx_word' id='word_1_127' title='bbox 1065 1757 1102 1818; x_wconf 89' lang='lat' dir='ltr'><strong>sit</strong></span> <span class='ocrx_word' id='word_1_128' title='bbox 1124 1757 1276 1820; x_wconf 86' lang='lat' dir='ltr'><strong>restituere</strong></span> <span class='ocrx_word' id='word_1_129' title='bbox 1299 1757 1414 1820; x_wconf 85' lang='lat' dir='ltr'><strong>heredi·</strong></span> 
     </span>
     <span class='ocr_line' id='line_1_16' title="bbox 322 1844 1412 1919; baseline 0.005 -18"><span class='ocrx_word' id='word_1_130' title='bbox 322 1853 432 1919; x_wconf 83' lang='lat' dir='ltr'><strong>tatem,</strong></span> <span class='ocrx_word' id='word_1_131' title='bbox 462 1844 549 1905; x_wconf 91' lang='lat' dir='ltr'><strong>simili</strong></span> <span class='ocrx_word' id='word_1_132' title='bbox 571 1844 661 1906; x_wconf 89' lang='lat' dir='ltr'><strong>modo</strong></span> <span class='ocrx_word' id='word_1_133' title='bbox 688 1863 725 1904; x_wconf 87' lang='lat' dir='ltr'><strong>ex</strong></span> <span class='ocrx_word' id='word_1_134' title='bbox 747 1844 933 1905; x_wconf 87' lang='lat' dir='ltr'><strong>Trebelliano</strong></span> <span class='ocrx_word' id='word_1_135' title='bbox 961 1850 1080 1907; x_wconf 88' lang='lat' dir='ltr'><strong>senatus</strong></span> <span class='ocrx_word' id='word_1_136' title='bbox 1108 1845 1242 1905; x_wconf 88' lang='lat' dir='ltr'><strong>consulto</strong></span> <span class='ocrx_word' id='word_1_137' title='bbox 1265 1844 1412 1908; x_wconf 87' lang='lat' dir='ltr'><strong>restitutio</strong></span> 
     </span>
     <span class='ocr_line' id='line_1_17' title="bbox 329 1930 1413 2009; baseline 0 -17"><span class='ocrx_word' id='word_1_138' title='bbox 329 1932 392 2005; x_wconf 88' lang='lat' dir='ltr'><strong>fiat,</strong></span> <span class='ocrx_word' id='word_1_139' title='bbox 417 1931 537 2008; x_wconf 86' lang='lat' dir='ltr'><strong>perinde</strong></span> <span class='ocrx_word' id='word_1_140' title='bbox 559 1931 639 1993; x_wconf 89' lang='lat' dir='ltr'><strong>acsi</strong></span> <span class='ocrx_word' id='word_1_141' title='bbox 661 1938 765 2009; x_wconf 88' lang='lat' dir='ltr'><strong>quarta</strong></span> <span class='ocrx_word' id='word_1_142' title='bbox 787 1937 869 2008; x_wconf 88' lang='lat' dir='ltr'><strong>parte</strong></span> <span class='ocrx_word' id='word_1_143' title='bbox 890 1937 1002 1992; x_wconf 89' lang='lat' dir='ltr'><strong>retenta</strong></span> <span class='ocrx_word' id='word_1_144' title='bbox 1024 1937 1144 2008; x_wconf 78' lang='lat' dir='ltr'><strong>rogatus</strong></span> <span class='ocrx_word' id='word_1_145' title='bbox 1165 1937 1242 1992; x_wconf 90' lang='lat' dir='ltr'><strong>esset</strong></span> <span class='ocrx_word' id='word_1_146' title='bbox 1264 1930 1413 2008; x_wconf 89' lang='lat' dir='ltr'><strong>reliquam</strong></span> 
     </span>
     <span class='ocr_line' id='line_1_18' title="bbox 249 2016 1411 2100; baseline -0.003 -20"><span class='ocrx_word' id='word_1_147' title='bbox 249 2019 258 2034; x_wconf 83' lang='lat'>&#39;</span> <span class='ocrx_word' id='word_1_148' title='bbox 328 2018 519 2080; x_wconf 87' lang='lat' dir='ltr'><strong>hereditatem</strong></span> <span class='ocrx_word' id='word_1_149' title='bbox 542 2017 703 2078; x_wconf 87' lang='lat' dir='ltr'><strong>restituere.</strong></span> <span class='ocrx_word' id='word_1_150' title='bbox 739 2017 790 2078; x_wconf 86' lang='lat' dir='ltr'><strong>sed</strong></span> <span class='ocrx_word' id='word_1_151' title='bbox 812 2016 883 2077; x_wconf 91' lang='lat' dir='ltr'><strong>illud</strong></span> <span class='ocrx_word' id='word_1_152' title='bbox 905 2016 1036 2090; x_wconf 90' lang='lat' dir='ltr'><strong>interest,</strong></span> <span class='ocrx_word' id='word_1_153' title='bbox 1060 2017 1140 2094; x_wconf 89' lang='lat' dir='ltr'><strong>quod</strong></span> <span class='ocrx_word' id='word_1_154' title='bbox 1161 2016 1411 2100; x_wconf 63' lang='lat' dir='ltr'><strong>alteroeasu-,oid</strong></span> 
     </span>
     <span class='ocr_line' id='line_1_19' title="bbox 329 2102 1410 2181; baseline -0.002 -16"><span class='ocrx_word' id='word_1_155' title='bbox 329 2111 373 2165; x_wconf 88' lang='lat' dir='ltr'><strong>cst</strong></span> <span class='ocrx_word' id='word_1_156' title='bbox 395 2123 464 2165; x_wconf 88' lang='lat' dir='ltr'><strong>oum</strong></span> <span class='ocrx_word' id='word_1_157' title='bbox 486 2104 610 2164; x_wconf 86' lang='lat' dir='ltr'><strong>deducta</strong></span> <span class='ocrx_word' id='word_1_158' title='bbox 632 2103 693 2164; x_wconf 85' lang='lat' dir='ltr'><strong>sive</strong></span> <span class='ocrx_word' id='word_1_159' title='bbox 719 2109 873 2181; x_wconf 87' lang='lat' dir='ltr'><strong>praecepta</strong></span> <span class='ocrx_word' id='word_1_160' title='bbox 895 2103 992 2180; x_wconf 86' lang='lat' dir='ltr'><strong>aliqua</strong></span> <span class='ocrx_word' id='word_1_161' title='bbox 1014 2121 1046 2166; x_wconf 84' lang='lat' dir='ltr'><strong>re</strong></span> <span class='ocrx_word' id='word_1_162' title='bbox 1068 2102 1229 2163; x_wconf 87' lang='lat' dir='ltr'><strong>restituitur</strong></span> <span class='ocrx_word' id='word_1_163' title='bbox 1251 2103 1410 2178; x_wconf 84' lang='lat' dir='ltr'><strong>hereditas,</strong></span> 
     </span>
     <span class='ocr_line' id='line_1_20' title="bbox 328 2187 1410 2251; baseline 0 -1"><span class='ocrx_word' id='word_1_164' title='bbox 328 2190 359 2251; x_wconf 92' lang='lat' dir='ltr'><strong>in</strong></span> <span class='ocrx_word' id='word_1_165' title='bbox 382 2190 508 2251; x_wconf 87' lang='lat' dir='ltr'><strong>solidum</strong></span> <span class='ocrx_word' id='word_1_166' title='bbox 531 2209 568 2249; x_wconf 86' lang='lat' dir='ltr'><strong>ex</strong></span> <span class='ocrx_word' id='word_1_167' title='bbox 589 2207 624 2248; x_wconf 89' lang='lat' dir='ltr'><strong>eo</strong></span> <span class='ocrx_word' id='word_1_168' title='bbox 640 2196 760 2248; x_wconf 89' lang='lat' dir='ltr'><strong>senatus</strong></span> <span class='ocrx_word' id='word_1_169' title='bbox 775 2188 910 2248; x_wconf 91' lang='lat' dir='ltr'><strong>consulto</strong></span> <span class='ocrx_word' id='word_1_170' title='bbox 926 2188 1055 2250; x_wconf 85' lang='lat' dir='ltr'><strong>actiones</strong></span> <span class='ocrx_word' id='word_1_171' title='bbox 1070 2187 1288 2250; x_wconf 88' lang='lat' dir='ltr'><strong>transferuntur</strong></span> <span class='ocrx_word' id='word_1_172' title='bbox 1310 2195 1339 2250; x_wconf 88' lang='lat' dir='ltr'><strong>ei</strong></span> <span class='ocrx_word' id='word_1_173' title='bbox 1361 2194 1410 2250; x_wconf 87' lang='lat' dir='ltr'><strong>ras</strong></span> 
     </span>
     <span class='ocr_line' id='line_1_21' title="bbox 321 2273 1411 2352; baseline 0.002 -18"><span class='ocrx_word' id='word_1_174' title='bbox 321 2278 404 2351; x_wconf 78' lang='lat' dir='ltr'><strong>&#39;quae</strong></span> <span class='ocrx_word' id='word_1_175' title='bbox 427 2281 563 2335; x_wconf 87' lang='lat' dir='ltr'><strong>remanet</strong></span> <span class='ocrx_word' id='word_1_176' title='bbox 582 2273 659 2351; x_wconf 91' lang='lat' dir='ltr'><strong>apud</strong></span> <span class='ocrx_word' id='word_1_177' title='bbox 681 2273 820 2336; x_wconf 90' lang='lat' dir='ltr'><strong>heredem</strong></span> <span class='ocrx_word' id='word_1_178' title='bbox 846 2273 910 2334; x_wconf 90' lang='lat' dir='ltr'><strong>sine</strong></span> <span class='ocrx_word' id='word_1_179' title='bbox 939 2275 998 2335; x_wconf 93' lang='lat' dir='ltr'><strong>ullo</strong></span> <span class='ocrx_word' id='word_1_180' title='bbox 1021 2293 1111 2335; x_wconf 88' lang='lat' dir='ltr'><strong>onere</strong></span> <span class='ocrx_word' id='word_1_181' title='bbox 1132 2273 1307 2335; x_wconf 88' lang='lat' dir='ltr'><strong>hereditario</strong></span> <span class='ocrx_word' id='word_1_182' title='bbox 1330 2275 1411 2352; x_wconf 90' lang='lat' dir='ltr'><strong>apud</strong></span> 
     </span>
     <span class='ocr_line' id='line_1_22' title="bbox 321 2353 1411 2440; baseline 0.005 -24"><span class='ocrx_word' id='word_1_183' title='bbox 321 2353 398 2423; x_wconf 68' lang='lat' dir='ltr'><strong>feui&#39;n&#39;</strong></span> <span class='ocrx_word' id='word_1_184' title='bbox 420 2361 523 2440; x_wconf 81' lang='lat' dir='ltr'><strong>manet</strong></span> <span class='ocrx_word' id='word_1_185' title='bbox 542 2359 626 2437; x_wconf 87' lang='lat' dir='ltr'><strong>quasi</strong></span> <span class='ocrx_word' id='word_1_186' title='bbox 650 2379 687 2420; x_wconf 87' lang='lat' dir='ltr'><strong>ex</strong></span> <span class='ocrx_word' id='word_1_187' title='bbox 707 2355 806 2436; x_wconf 82' lang='lat' dir='ltr'><strong>legato</strong></span> <span class='ocrx_word' id='word_1_188' title='bbox 829 2359 857 2419; x_wconf 87' lang='lat' dir='ltr'><strong>ei</strong></span> <span class='ocrx_word' id='word_1_189' title='bbox 878 2359 1038 2437; x_wconf 85' lang='lat' dir='ltr'><strong>adquisita,</strong></span> <span class='ocrx_word' id='word_1_190' title='bbox 1066 2361 1157 2422; x_wconf 88' lang='lat' dir='ltr'><strong>altero</strong></span> <span class='ocrx_word' id='word_1_191' title='bbox 1180 2379 1249 2424; x_wconf 87' lang='lat' dir='ltr'><strong>vero</strong></span> <span class='ocrx_word' id='word_1_192' title='bbox 1272 2380 1356 2435; x_wconf 88' lang='lat' dir='ltr'><strong>casu,</strong></span> <span class='ocrx_word' id='word_1_193' title='bbox 1380 2360 1411 2421; x_wconf 89' lang='lat' dir='ltr'><strong>id</strong></span> 
     </span>
     <span class='ocr_line' id='line_1_23' title="bbox 328 2445 1411 2524; baseline 0.003 -17"><span class='ocrx_word' id='word_1_194' title='bbox 328 2453 374 2507; x_wconf 88' lang='lat' dir='ltr'><strong>cst</strong></span> <span class='ocrx_word' id='word_1_195' title='bbox 394 2447 463 2508; x_wconf 91' lang='lat' dir='ltr'><strong>cum</strong></span> <span class='ocrx_word' id='word_1_196' title='bbox 485 2454 590 2524; x_wconf 88' lang='lat' dir='ltr'><strong>quarta</strong></span> <span class='ocrx_word' id='word_1_197' title='bbox 612 2453 696 2524; x_wconf 88' lang='lat' dir='ltr'><strong>parte</strong></span> <span class='ocrx_word' id='word_1_198' title='bbox 716 2452 829 2506; x_wconf 88' lang='lat' dir='ltr'><strong>retenta</strong></span> <span class='ocrx_word' id='word_1_199' title='bbox 848 2452 970 2523; x_wconf 84' lang='lat' dir='ltr'><strong>rogatus</strong></span> <span class='ocrx_word' id='word_1_200' title='bbox 993 2453 1038 2507; x_wconf 89' lang='lat' dir='ltr'><strong>est</strong></span> <span class='ocrx_word' id='word_1_201' title='bbox 1053 2445 1138 2508; x_wconf 87' lang='lat' dir='ltr'><strong>heres</strong></span> <span class='ocrx_word' id='word_1_202' title='bbox 1153 2447 1305 2508; x_wconf 88' lang='lat' dir='ltr'><strong>restituere</strong></span> <span class='ocrx_word' id='word_1_203' title='bbox 1326 2447 1411 2510; x_wconf 75' lang='lat' dir='ltr'><strong>here·</strong></span> 
     </span>
     <span class='ocr_line' id='line_1_24' title="bbox 329 2531 1411 2611; baseline 0.001 -18"><span class='ocrx_word' id='word_1_204' title='bbox 329 2534 450 2596; x_wconf 78' lang='lat' dir='ltr'><strong>&lt;litatem</strong></span> <span class='ocrx_word' id='word_1_205' title='bbox 474 2539 503 2593; x_wconf 89' lang='lat' dir='ltr'><strong>et</strong></span> <span class='ocrx_word' id='word_1_206' title='bbox 517 2533 651 2605; x_wconf 88' lang='lat' dir='ltr'><strong>restituit,</strong></span> <span class='ocrx_word' id='word_1_207' title='bbox 675 2532 847 2593; x_wconf 89' lang='lat' dir='ltr'><strong>scindantur</strong></span> <span class='ocrx_word' id='word_1_208' title='bbox 862 2531 992 2593; x_wconf 85' lang='lat' dir='ltr'><strong>actiones</strong></span> <span class='ocrx_word' id='word_1_209' title='bbox 1015 2540 1043 2594; x_wconf 87' lang='lat' dir='ltr'><strong>et</strong></span> <span class='ocrx_word' id='word_1_210' title='bbox 1066 2551 1118 2610; x_wconf 94' lang='lat' dir='ltr'><strong>pro</strong></span> <span class='ocrx_word' id='word_1_211' title='bbox 1134 2532 1277 2593; x_wconf 87' lang='lat' dir='ltr'><strong>dodrante</strong></span> <span class='ocrx_word' id='word_1_212' title='bbox 1291 2532 1411 2611; x_wconf 88' lang='lat' dir='ltr'><strong>quidem</strong></span> 
     </span>
     <span class='ocr_line' id='line_1_25' title="bbox 329 2617 1512 2696; baseline 0.001 -17"><span class='ocrx_word' id='word_1_213' title='bbox 329 2620 544 2681; x_wconf 85' lang='lat' dir='ltr'><strong>transferantur</strong></span> <span class='ocrx_word' id='word_1_214' title='bbox 566 2619 603 2680; x_wconf 86' lang='lat' dir='ltr'><strong>ad</strong></span> <span class='ocrx_word' id='word_1_215' title='bbox 625 2617 942 2692; x_wconf 87' lang='lat' dir='ltr'><strong>fideicommissarium,</strong></span> <span class='ocrx_word' id='word_1_216' title='bbox 969 2637 1030 2696; x_wconf 90' lang='lat' dir='ltr'><strong>pro</strong></span> <span class='ocrx_word' id='word_1_217' title='bbox 1052 2619 1214 2696; x_wconf 83' lang='lat' dir='ltr'><strong>quadrante</strong></span> <span class='ocrx_word' id='word_1_218' title='bbox 1236 2626 1412 2681; x_wconf 86' lang='lat' dir='ltr'><strong>remaneant</strong></span> <span class='ocrx_word' id='word_1_219' title='bbox 1501 2617 1512 2648; x_wconf 68' lang='lat'>⁵</span> 
     </span>
     <span class='ocr_line' id='line_1_26' title="bbox 328 2704 1412 2783; baseline 0.001 -18"><span class='ocrx_word' id='word_1_220' title='bbox 328 2706 405 2783; x_wconf 90' lang='lat' dir='ltr'><strong>apud</strong></span> <span class='ocrx_word' id='word_1_221' title='bbox 428 2705 577 2766; x_wconf 88' lang='lat' dir='ltr'><strong>heredem.</strong></span> <span class='ocrx_word' id='word_1_222' title='bbox 610 2704 793 2782; x_wconf 84' lang='lat' dir='ltr'><strong>quinetiam</strong></span> <span class='ocrx_word' id='word_1_223' title='bbox 820 2705 886 2766; x_wconf 88' lang='lat' dir='ltr'><strong>licet</strong></span> <span class='ocrx_word' id='word_1_224' title='bbox 914 2704 945 2765; x_wconf 91' lang='lat' dir='ltr'><strong>in</strong></span> <span class='ocrx_word' id='word_1_225' title='bbox 973 2723 1100 2780; x_wconf 90' lang='lat' dir='ltr'><strong>unare,</strong></span> <span class='ocrx_word' id='word_1_226' title='bbox 1132 2724 1191 2782; x_wconf 90' lang='lat' dir='ltr'><strong>qua</strong></span> <span class='ocrx_word' id='word_1_227' title='bbox 1215 2706 1337 2766; x_wconf 91' lang='lat' dir='ltr'><strong>deducta</strong></span> <span class='ocrx_word' id='word_1_228' title='bbox 1360 2712 1412 2766; x_wconf 89' lang='lat' dir='ltr'><strong>aut</strong></span> 
     </span>
     <span class='ocr_line' id='line_1_27' title="bbox 328 2790 1410 2870; baseline -0.001 -16"><span class='ocrx_word' id='word_1_229' title='bbox 328 2799 482 2870; x_wconf 83' lang='lat' dir='ltr'><strong>praecepta</strong></span> <span class='ocrx_word' id='word_1_230' title='bbox 496 2790 765 2869; x_wconf 89' lang='lat' dir='ltr'><strong>restituerealiquis</strong></span> <span class='ocrx_word' id='word_1_231' title='bbox 782 2791 974 2852; x_wconf 86' lang='lat' dir='ltr'><strong>hereditatem</strong></span> <span class='ocrx_word' id='word_1_232' title='bbox 988 2798 1110 2870; x_wconf 86' lang='lat' dir='ltr'><strong>rogatus</strong></span> <span class='ocrx_word' id='word_1_233' title='bbox 1126 2798 1179 2868; x_wconf 88' lang='lat' dir='ltr'><strong>est,</strong></span> <span class='ocrx_word' id='word_1_234' title='bbox 1195 2791 1326 2853; x_wconf 86' lang='lat' dir='ltr'><strong>maxima</strong></span> <span class='ocrx_word' id='word_1_235' title='bbox 1340 2809 1410 2870; x_wconf 90' lang='lat' dir='ltr'><strong>pars</strong></span> 
     </span>
     <span class='ocr_line' id='line_1_28' title="bbox 326 2876 1410 2955; baseline 0.003 -18"><span class='ocrx_word' id='word_1_236' title='bbox 326 2877 494 2940; x_wconf 85' lang='lat' dir='ltr'><strong>hereditatis</strong></span> <span class='ocrx_word' id='word_1_237' title='bbox 517 2877 708 2951; x_wconf 88' lang='lat' dir='ltr'><strong>contineatur,</strong></span> <span class='ocrx_word' id='word_1_238' title='bbox 732 2897 825 2955; x_wconf 89' lang='lat' dir='ltr'><strong>aeque</strong></span> <span class='ocrx_word' id='word_1_239' title='bbox 846 2876 877 2938; x_wconf 91' lang='lat' dir='ltr'><strong>in</strong></span> <span class='ocrx_word' id='word_1_240' title='bbox 898 2877 1024 2939; x_wconf 91' lang='lat' dir='ltr'><strong>solidum</strong></span> <span class='ocrx_word' id='word_1_241' title='bbox 1040 2878 1257 2940; x_wconf 83' lang='lat' dir='ltr'><strong>transferuntur</strong></span> <span class='ocrx_word' id='word_1_242' title='bbox 1279 2879 1410 2942; x_wconf 83' lang='lat' dir='ltr'><strong>actiones</strong></span> 
     </span>
     <span class='ocr_line' id='line_1_29' title="bbox 325 2962 1409 3040; baseline 0 -16"><span class='ocrx_word' id='word_1_243' title='bbox 325 2962 379 3024; x_wconf 68' lang='lat' dir='ltr'><strong>et*</strong></span> <span class='ocrx_word' id='word_1_244' title='bbox 400 2973 500 3026; x_wconf 84' lang='lat' dir='ltr'><strong>secum</strong></span> <span class='ocrx_word' id='word_1_245' title='bbox 523 2963 682 3027; x_wconf 88' lang='lat' dir='ltr'><strong>deliberare</strong></span> <span class='ocrx_word' id='word_1_246' title='bbox 703 2963 789 3025; x_wconf 87' lang='lat' dir='ltr'><strong>debet</strong></span> <span class='ocrx_word' id='word_1_247' title='bbox 810 2963 845 3037; x_wconf 93' lang='lat' dir='ltr'><strong>is,</strong></span> <span class='ocrx_word' id='word_1_248' title='bbox 869 2963 916 3025; x_wconf 90' lang='lat' dir='ltr'><strong>cui</strong></span> <span class='ocrx_word' id='word_1_249' title='bbox 938 2964 1097 3026; x_wconf 89' lang='lat' dir='ltr'><strong>restituitur</strong></span> <span class='ocrx_word' id='word_1_250' title='bbox 1119 2964 1345 3040; x_wconf 61' lang='lat' dir='ltr'><strong>herodianam</strong></span> <span class='ocrx_word' id='word_1_251' title='bbox 1361 2967 1409 3026; x_wconf 75' lang='lat' dir='ltr'><strong>eir·-</strong></span> 
     </span>
     <span class='ocr_line' id='line_1_30' title="bbox 324 3049 1409 3132; baseline -0.003 -19"><span class='ocrx_word' id='word_1_252' title='bbox 324 3049 425 3126; x_wconf 78' lang='lat' dir='ltr'><strong>pe&#39;diat</strong></span> <span class='ocrx_word' id='word_1_253' title='bbox 440 3050 495 3111; x_wconf 93' lang='lat' dir='ltr'><strong>sibi</strong></span> <span class='ocrx_word' id='word_1_254' title='bbox 509 3050 629 3112; x_wconf 87' lang='lat' dir='ltr'><strong>restitui.</strong></span> <span class='ocrx_word' id='word_1_255' title='bbox 657 3050 760 3111; x_wconf 89' lang='lat' dir='ltr'><strong>eadem</strong></span> <span class='ocrx_word' id='word_1_256' title='bbox 776 3049 884 3112; x_wconf 88' lang='lat' dir='ltr'><strong>scilicet</strong></span> <span class='ocrx_word' id='word_1_257' title='bbox 894 3049 1092 3112; x_wconf 84' lang='lat' dir='ltr'><strong>interveniunt</strong></span> <span class='ocrx_word' id='word_1_258' title='bbox 1107 3059 1137 3112; x_wconf 88' lang='lat' dir='ltr'><strong>et</strong></span> <span class='ocrx_word' id='word_1_259' title='bbox 1151 3051 1176 3112; x_wconf 92' lang='lat' dir='ltr'><strong>si</strong></span> <span class='ocrx_word' id='word_1_260' title='bbox 1191 3052 1310 3131; x_wconf 80' lang='lat' dir='ltr'><strong>duabus</strong></span> <span class='ocrx_word' id='word_1_261' title='bbox 1322 3049 1409 3132; x_wconf 74' lang='lat' dir='ltr'><strong>pluri-</strong></span> 
     </span>
     <span class='ocr_line' id='line_1_31' title="bbox 328 3135 1409 3218; baseline 0.002 -23"><span class='ocrx_word' id='word_1_262' title='bbox 328 3136 420 3196; x_wconf 88' lang='lat' dir='ltr'><strong>busve</strong></span> <span class='ocrx_word' id='word_1_263' title='bbox 441 3137 529 3196; x_wconf 86' lang='lat' dir='ltr'><strong>rebus</strong></span> <span class='ocrx_word' id='word_1_264' title='bbox 551 3135 681 3198; x_wconf 86' lang='lat' dir='ltr'><strong>deduoh&#39;s</strong></span> <span class='ocrx_word' id='word_1_265' title='bbox 695 3135 892 3218; x_wconf 79' lang='lat' dir='ltr'><strong>praeceptisre</strong></span> <span class='ocrx_word' id='word_1_266' title='bbox 913 3136 1065 3199; x_wconf 86' lang='lat' dir='ltr'><strong>restituere</strong></span> <span class='ocrx_word' id='word_1_267' title='bbox 1079 3137 1409 3218; x_wconf 81' lang='lat' dir='ltr'><strong>hereditatemrogatus</strong></span> 
     </span>
     <span class='ocr_line' id='line_1_32' title="bbox 328 3219 1409 3300; baseline 0.004 -20"><span class='ocrx_word' id='word_1_268' title='bbox 328 3221 374 3282; x_wconf 88' lang='lat' dir='ltr'><strong>sit.</strong></span> <span class='ocrx_word' id='word_1_269' title='bbox 409 3221 460 3282; x_wconf 88' lang='lat' dir='ltr'><strong>sed</strong></span> <span class='ocrx_word' id='word_1_270' title='bbox 482 3219 532 3281; x_wconf 86' lang='lat' dir='ltr'><strong>et⁵</strong></span> <span class='ocrx_word' id='word_1_271' title='bbox 548 3221 573 3281; x_wconf 90' lang='lat' dir='ltr'><strong>si</strong></span> <span class='ocrx_word' id='word_1_272' title='bbox 588 3227 667 3281; x_wconf 86' lang='lat' dir='ltr'><strong>carta</strong></span> <span class='ocrx_word' id='word_1_273' title='bbox 682 3239 802 3284; x_wconf 88' lang='lat' dir='ltr'><strong>summa</strong></span> <span class='ocrx_word' id='word_1_274' title='bbox 816 3222 940 3282; x_wconf 88' lang='lat' dir='ltr'><strong>deducta</strong></span> <span class='ocrx_word' id='word_1_275' title='bbox 955 3229 1153 3300; x_wconf 82' lang='lat' dir='ltr'><strong>praeceptere,</strong></span> <span class='ocrx_word' id='word_1_276' title='bbox 1179 3242 1255 3300; x_wconf 87' lang='lat' dir='ltr'><strong>quae</strong></span> <span class='ocrx_word' id='word_1_277' title='bbox 1272 3232 1409 3300; x_wconf 86' lang='lat' dir='ltr'><strong>quartam</strong></span> 
     </span>
     <span class='ocr_line' id='line_1_33' title="bbox 327 3305 1409 3386; baseline 0.003 -20"><span class='ocrx_word' id='word_1_278' title='bbox 327 3307 372 3368; x_wconf 86' lang='lat' dir='ltr'><strong>vel</strong></span> <span class='ocrx_word' id='word_1_279' title='bbox 395 3307 484 3367; x_wconf 87' lang='lat' dir='ltr'><strong>ctiam</strong></span> <span class='ocrx_word' id='word_1_280' title='bbox 504 3305 667 3368; x_wconf 86' lang='lat' dir='ltr'><strong>maximam</strong></span> <span class='ocrx_word' id='word_1_281' title='bbox 686 3313 801 3383; x_wconf 89' lang='lat' dir='ltr'><strong>partem</strong></span> <span class='ocrx_word' id='word_1_282' title='bbox 816 3307 983 3368; x_wconf 90' lang='lat' dir='ltr'><strong>hereditatis</strong></span> <span class='ocrx_word' id='word_1_283' title='bbox 999 3309 1137 3381; x_wconf 88' lang='lat' dir='ltr'><strong>continet,</strong></span> <span class='ocrx_word' id='word_1_284' title='bbox 1161 3316 1284 3386; x_wconf 86' lang='lat' dir='ltr'><strong>rogatus</strong></span> <span class='ocrx_word' id='word_1_285' title='bbox 1307 3309 1344 3370; x_wconf 92' lang='lat' dir='ltr'><strong>sit</strong></span> <span class='ocrx_word' id='word_1_286' title='bbox 1359 3309 1409 3369; x_wconf 90' lang='lat' dir='ltr'><strong>ali·</strong></span> 
     </span>
     <span class='ocr_line' id='line_1_34' title="bbox 327 3391 1408 3471; baseline 0.005 -21"><span class='ocrx_word' id='word_1_287' title='bbox 327 3392 393 3469; x_wconf 91' lang='lat' dir='ltr'><strong>quis</strong></span> <span class='ocrx_word' id='word_1_288' title='bbox 415 3391 605 3454; x_wconf 85' lang='lat' dir='ltr'><strong>hereditatem</strong></span> <span class='ocrx_word' id='word_1_289' title='bbox 619 3391 781 3465; x_wconf 88' lang='lat' dir='ltr'><strong>restituere,</strong></span> <span class='ocrx_word' id='word_1_290' title='bbox 804 3392 884 3454; x_wconf 88' lang='lat' dir='ltr'><strong>idem</strong></span> <span class='ocrx_word' id='word_1_291' title='bbox 898 3393 969 3454; x_wconf 91' lang='lat' dir='ltr'><strong>iuris</strong></span> <span class='ocrx_word' id='word_1_292' title='bbox 984 3402 1039 3455; x_wconf 89' lang='lat' dir='ltr'><strong>est.</strong></span> <span class='ocrx_word' id='word_1_293' title='bbox 1073 3414 1148 3471; x_wconf 84' lang='lat' dir='ltr'><strong>quae</strong></span> <span class='ocrx_word' id='word_1_294' title='bbox 1163 3393 1290 3454; x_wconf 86' lang='lat' dir='ltr'><strong>diximus</strong></span> <span class='ocrx_word' id='word_1_295' title='bbox 1313 3394 1349 3456; x_wconf 92' lang='lat' dir='ltr'><strong>de</strong></span> <span class='ocrx_word' id='word_1_296' title='bbox 1372 3412 1408 3455; x_wconf 91' lang='lat' dir='ltr'><strong>eo</strong></span> 
     </span>
     <span class='ocr_line' id='line_1_35' title="bbox 327 3476 1407 3558; baseline 0.002 -22"><span class='ocrx_word' id='word_1_297' title='bbox 327 3477 377 3552; x_wconf 86' lang='lat' dir='ltr'><strong>qui</strong></span> <span class='ocrx_word' id='word_1_298' title='bbox 399 3496 435 3537; x_wconf 89' lang='lat' dir='ltr'><strong>ex</strong></span> <span class='ocrx_word' id='word_1_299' title='bbox 457 3497 522 3538; x_wconf 89' lang='lat' dir='ltr'><strong>asse</strong></span> <span class='ocrx_word' id='word_1_300' title='bbox 541 3478 627 3540; x_wconf 87' lang='lat' dir='ltr'><strong>heres</strong></span> <span class='ocrx_word' id='word_1_301' title='bbox 641 3476 796 3539; x_wconf 88' lang='lat' dir='ltr'><strong>institutus</strong></span> <span class='ocrx_word' id='word_1_302' title='bbox 814 3484 868 3558; x_wconf 87' lang='lat' dir='ltr'><strong>est,</strong></span> <span class='ocrx_word' id='word_1_303' title='bbox 891 3479 993 3541; x_wconf 90' lang='lat' dir='ltr'><strong>eadem</strong></span> <span class='ocrx_word' id='word_1_304' title='bbox 1008 3479 1255 3542; x_wconf 86' lang='lat' dir='ltr'><strong>transierimuset</strong></span> <span class='ocrx_word' id='word_1_305' title='bbox 1277 3479 1315 3540; x_wconf 90' lang='lat' dir='ltr'><strong>ad</strong></span> <span class='ocrx_word' id='word_1_306' title='bbox 1339 3497 1407 3540; x_wconf 90' lang='lat' dir='ltr'><strong>eum</strong></span> 
     </span>
     <span class='ocr_line' id='line_1_36' title="bbox 315 3561 870 3640; baseline 0.009 -19"><span class='ocrx_word' id='word_1_307' title='bbox 315 3561 378 3639; x_wconf 80' lang='lat' dir='ltr'><strong>¹qui</strong></span> <span class='ocrx_word' id='word_1_308' title='bbox 399 3581 436 3623; x_wconf 86' lang='lat' dir='ltr'><strong>ex</strong></span> <span class='ocrx_word' id='word_1_309' title='bbox 458 3570 540 3640; x_wconf 89' lang='lat' dir='ltr'><strong>parte</strong></span> <span class='ocrx_word' id='word_1_310' title='bbox 560 3564 646 3624; x_wconf 89' lang='lat' dir='ltr'><strong>heres</strong></span> <span class='ocrx_word' id='word_1_311' title='bbox 669 3563 794 3640; x_wconf 88' lang='lat' dir='ltr'><strong>scriptus</strong></span> <span class='ocrx_word' id='word_1_312' title='bbox 816 3571 870 3626; x_wconf 89' lang='lat' dir='ltr'><strong>est.</strong></span> 
     </span>
     <span class='ocr_line' id='line_1_37' title="bbox 278 3643 1403 3728; baseline 0.004 -23"><span class='ocrx_word' id='word_1_313' title='bbox 278 3650 311 3705; x_wconf 89' lang='lat'><strong>10</strong></span> <span class='ocrx_word' id='word_1_314' title='bbox 333 3643 336 3649; x_wconf 75' lang='grc'><em>“</em></span> <span class='ocrx_word' id='word_1_315' title='bbox 393 3646 547 3711; x_wconf 87' lang='lat' dir='ltr'><strong>Praeterea</strong></span> <span class='ocrx_word' id='word_1_316' title='bbox 569 3647 744 3712; x_wconf 78' lang='lat' dir='ltr'><strong>intestatus⁶</strong></span> <span class='ocrx_word' id='word_1_317' title='bbox 766 3669 884 3728; x_wconf 86' lang='lat' dir='ltr'><strong>quoque</strong></span> <span class='ocrx_word' id='word_1_318' title='bbox 905 3649 1065 3711; x_wconf 88' lang='lat' dir='ltr'><strong>moriturus</strong></span> <span class='ocrx_word' id='word_1_319' title='bbox 1087 3657 1183 3727; x_wconf 91' lang='lat' dir='ltr'><strong>potest</strong></span> <span class='ocrx_word' id='word_1_320' title='bbox 1197 3667 1303 3728; x_wconf 84' lang='lat' dir='ltr'><strong>rogare</strong></span> <span class='ocrx_word' id='word_1_321' title='bbox 1325 3659 1403 3723; x_wconf 84' lang='lat' dir='ltr'><strong>eum,</strong></span> 
     </span>
     <span class='ocr_line' id='line_1_38' title="bbox 184 3734 1408 3814; baseline 0.002 -20"><span class='ocrx_word' id='word_1_322' title='bbox 184 3753 187 3759; x_wconf 91' lang='lat'>·</span> <span class='ocrx_word' id='word_1_323' title='bbox 328 3735 365 3794; x_wconf 86' lang='lat' dir='ltr'><strong>ad</strong></span> <span class='ocrx_word' id='word_1_324' title='bbox 380 3734 477 3811; x_wconf 72' lang='lat' dir='ltr'><strong>quem</strong></span> <span class='ocrx_word' id='word_1_325' title='bbox 493 3735 572 3797; x_wconf 89' lang='lat' dir='ltr'><strong>bona</strong></span> <span class='ocrx_word' id='word_1_326' title='bbox 593 3737 708 3797; x_wconf 83' lang='lat' dir='ltr'><strong>suarcl</strong></span> <span class='ocrx_word' id='word_1_327' title='bbox 727 3736 860 3814; x_wconf 84' lang='lat' dir='ltr'><strong>legitimo</strong></span> <span class='ocrx_word' id='word_1_328' title='bbox 881 3735 943 3798; x_wconf 89' lang='lat' dir='ltr'><strong>iure</strong></span> <span class='ocrx_word' id='word_1_329' title='bbox 959 3737 1004 3798; x_wconf 86' lang='lat' dir='ltr'><strong>vel</strong></span> <span class='ocrx_word' id='word_1_330' title='bbox 1019 3735 1177 3798; x_wconf 90' lang='lat' dir='ltr'><strong>honorario</strong></span> <span class='ocrx_word' id='word_1_331' title='bbox 1200 3735 1344 3814; x_wconf 87' lang='lat' dir='ltr'><strong>periinere</strong></span> <span class='ocrx_word' id='word_1_332' title='bbox 1365 3736 1408 3796; x_wconf 89' lang='lat' dir='ltr'><strong>in·</strong></span> 
     </span>
     <span class='ocr_line' id='line_1_39' title="bbox 328 3819 1407 3900; baseline 0 -18"><span class='ocrx_word' id='word_1_333' title='bbox 328 3819 446 3898; x_wconf 82' lang='lat' dir='ltr'><strong>tellegit,</strong></span> <span class='ocrx_word' id='word_1_334' title='bbox 469 3827 504 3882; x_wconf 90' lang='lat' dir='ltr'><strong>nt</strong></span> <span class='ocrx_word' id='word_1_335' title='bbox 524 3821 715 3882; x_wconf 88' lang='lat' dir='ltr'><strong>hereditatem</strong></span> <span class='ocrx_word' id='word_1_336' title='bbox 730 3841 815 3882; x_wconf 90' lang='lat' dir='ltr'><strong>suam</strong></span> <span class='ocrx_word' id='word_1_337' title='bbox 837 3829 930 3883; x_wconf 84' lang='lat' dir='ltr'><strong>totum</strong></span> <span class='ocrx_word' id='word_1_338' title='bbox 945 3829 1094 3900; x_wconf 84' lang='lat' dir='ltr'><strong>partemve</strong></span> <span class='ocrx_word' id='word_1_339' title='bbox 1116 3823 1178 3886; x_wconf 88' lang='lat' dir='ltr'><strong>eius</strong></span> <span class='ocrx_word' id='word_1_340' title='bbox 1201 3830 1252 3885; x_wconf 92' lang='lat' dir='ltr'><strong>aut</strong></span> <span class='ocrx_word' id='word_1_341' title='bbox 1273 3842 1336 3886; x_wconf 89' lang='lat' dir='ltr'><strong>rem</strong></span> <span class='ocrx_word' id='word_1_342' title='bbox 1359 3823 1407 3884; x_wconf 83' lang='lat' dir='ltr'><strong>ali·</strong></span> 
     </span>
     <span class='ocr_line' id='line_1_40' title="bbox 328 3906 1438 3987; baseline 0.003 -20"><span class='ocrx_word' id='word_1_343' title='bbox 328 3925 428 3984; x_wconf 89' lang='lat' dir='ltr'><strong>qnam,</strong></span> <span class='ocrx_word' id='word_1_344' title='bbox 451 3907 539 3969; x_wconf 82' lang='lat' dir='ltr'><strong>veluti</strong></span> <span class='ocrx_word' id='word_1_345' title='bbox 561 3906 687 3969; x_wconf 86' lang='lat' dir='ltr'><strong>fundum</strong></span> <span class='ocrx_word' id='word_1_346' title='bbox 706 3907 860 3969; x_wconf 86' lang='lat' dir='ltr'><strong>hominem</strong></span> <span class='ocrx_word' id='word_1_347' title='bbox 874 3908 1046 3987; x_wconf 88' lang='lat' dir='ltr'><strong>pecuniam,</strong></span> <span class='ocrx_word' id='word_1_348' title='bbox 1064 3909 1149 3972; x_wconf 87' lang='lat' dir='ltr'><strong>alicui</strong></span> <span class='ocrx_word' id='word_1_349' title='bbox 1171 3911 1316 3974; x_wconf 87' lang='lat' dir='ltr'><strong>restituat:</strong></span> <span class='ocrx_word' id='word_1_350' title='bbox 1340 3925 1408 3972; x_wconf 85' lang='lat' dir='ltr'><strong>oum</strong></span> <span class='ocrx_word' id='word_1_351' title='bbox 1436 3938 1438 3942; x_wconf 46' lang='lat'><strong><em>⁴</em></strong></span> 
     </span>
    </p>
   </div>
   <div class='ocr_carea' id='block_1_3' title="bbox 397 4037 1409 4114">
    <p class='ocr_par' dir='ltr' id='par_1_3' title="bbox 397 4037 1409 4114">
     <span class='ocr_line' id='line_1_41' title="bbox 397 4037 1409 4114; baseline 0.006 -19"><span class='ocrx_word' id='word_1_352' title='bbox 397 4044 558 4097; x_wconf 84' lang='lat' dir='ltr'><strong>¹trans1rent</strong></span> <span class='ocrx_word' id='word_1_353' title='bbox 569 4043 691 4098; x_wconf 79' lang='lat' dir='ltr'><strong>Huschke</strong></span> <span class='ocrx_word' id='word_1_354' title='bbox 753 4046 837 4099; x_wconf 82' lang='lat' dir='ltr'><strong>²Goi.</strong></span> <span class='ocrx_word' id='word_1_355' title='bbox 847 4043 872 4112; x_wconf 78' lang='lat'><strong>2,</strong></span> <span class='ocrx_word' id='word_1_356' title='bbox 881 4044 933 4102; x_wconf 78' lang='lat'><strong>259</strong></span> <span class='ocrx_word' id='word_1_357' title='bbox 995 4047 1086 4114; x_wconf 80' lang='lat' dir='ltr'><strong>³eam]</strong></span> <span class='ocrx_word' id='word_1_358' title='bbox 1103 4037 1265 4101; x_wconf 57' lang='lat' dir='ltr'><strong>Pertinaci</strong></span> <span class='ocrx_word' id='word_1_359' title='bbox 1266 4073 1351 4114; x_wconf 66' lang='lat' dir='ltr'><strong>llllll</strong></span> <span class='ocrx_word' id='word_1_360' title='bbox 1356 4055 1409 4101; x_wconf 86' lang='lat' dir='ltr'><strong>tem</strong></span> 
     </span>
    </p>
   </div>
   <div class='ocr_carea' id='block_1_4' title="bbox 327 4112 1410 4262">
    <p class='ocr_par' dir='ltr' id='par_1_4' title="bbox 327 4112 1410 4262">
     <span class='ocr_line' id='line_1_42' title="bbox 327 4112 1410 4188; baseline 0.006 -24.428"><span class='ocrx_word' id='word_1_361' title='bbox 327 4112 547 4179; x_wconf 76' lang='lat' dir='ltr'><strong>P,om.,B6</strong></span> <span class='ocrx_word' id='word_1_362' title='bbox 537 4131 587 4167; x_wconf 76' lang='lat' dir='ltr'><strong>sne</strong></span> <span class='ocrx_word' id='word_1_363' title='bbox 604 4114 645 4164; x_wconf 74' lang='lat' dir='ltr'><strong>Ta</strong></span> <span class='ocrx_word' id='word_1_364' title='bbox 721 4087 891 4183; x_wconf 57' lang='lat' dir='ltr'><strong>‘et]sed’B</strong></span> <span class='ocrx_word' id='word_1_365' title='bbox 970 4115 1095 4188; x_wconf 76' lang='lat' dir='ltr'><strong>⁸sedet]</strong></span> <span class='ocrx_word' id='word_1_366' title='bbox 1120 4118 1189 4186; x_wconf 69' lang='lat'><strong>1¹⁶0,</strong></span> <span class='ocrx_word' id='word_1_367' title='bbox 1208 4120 1303 4186; x_wconf 86' lang='lat' dir='ltr'><strong>sedB,</strong></span> <span class='ocrx_word' id='word_1_368' title='bbox 1321 4126 1347 4172; x_wconf 87' lang='lat' dir='ltr'><strong>et</strong></span> <span class='ocrx_word' id='word_1_369' title='bbox 1369 4119 1410 4170; x_wconf 70' lang='lat' dir='ltr'><strong>Ta</strong></span> 
     </span>
     <span class='ocr_line' id='line_1_43' title="bbox 329 4180 1322 4262; baseline 0.012 -30"><span class='ocrx_word' id='word_1_370' title='bbox 329 4180 443 4248; x_wconf 67' lang='lat' dir='ltr'><strong>‘aioB,</strong></span> <span class='ocrx_word' id='word_1_371' title='bbox 461 4184 582 4237; x_wconf 84' lang='lat' dir='ltr'><strong>intestato</strong></span> <span class='ocrx_word' id='word_1_372' title='bbox 606 4181 650 4238; x_wconf 81' lang='lat' dir='ltr'><strong>TO</strong></span> <span class='ocrx_word' id='word_1_373' title='bbox 964 4252 965 4255; x_wconf 8' lang='grc' dir='ltr'><strong>Ἴ</strong></span> <span class='ocrx_word' id='word_1_374' title='bbox 1320 4259 1322 4262; x_wconf 17' lang='lat' dir='ltr'>v</span> 
     </span>
    </p>
   </div>
   <div class='ocr_carea' id='block_1_5' title="bbox 0 0 1660 4917">
    <p class='ocr_par' dir='ltr' id='par_1_5' title="bbox 0 0 1660 4917">
     <span class='ocr_line' id='line_1_44' title="bbox 0 0 1660 4917; baseline 0 1"><span class='ocrx_word' id='word_1_375' title='bbox 0 0 1660 4917; x_wconf 95' lang='lat' dir='ltr'><strong> </strong></span> 
     </span>
    </p>
   </div>
  </div>
 </body>
</html>
