3309 4917
257 448 379 505 somnia
770 432 829 493 141
1267 426 1347 493 tua

259 601 384 663 damni¹
405 602 489 663 vobis
511 602 641 663 adlatum
663 602 764 677 fuerit,
795 603 884 665 veluti
905 602 930 663 si
952 622 1071 663 serrum
1097 610 1182 664 tuum
1209 602 1347 665 heredem

260 689 298 749 ab
320 688 419 767 aliquo
441 687 610 749 institutum
639 695 707 749 ante
734 689 800 766 quis
826 688 976 762 occiderit,
1007 707 1097 766 quam
1127 689 1153 750 is
1184 689 1266 751 iussu
1295 697 1347 751 tuo

259 774 365 836 adiret:
388 792 460 834 nam
481 773 649 835 hereditatis
664 793 782 852 quoque
797 775 925 835 amissae
939 774 1084 836 rationem
1099 794 1164 836 esse
1178 776 1349 837 habendam

259 865 386 921 constat.
419 860 488 921 item
511 860 535 921 si
557 879 595 921 ex
617 860 680 939 pari
702 862 851 922 mularum
875 881 968 922 unam
990 862 1088 922 velex
1103 861 1247 940 quadriga
1261 880 1349 939 equo

256 956 327 1007 'rum
350 963 444 1006 unum
465 945 611 1020 occiderit,
634 946 679 1007 rel
695 966 731 1007 ex
746 947 897 1009 comoedis
911 966 990 1008 unus
1005 967 1106 1009 servus
1120 947 1206 1009 luerit
1220 948 1347 1009 occisus:

252 1050 321 1093 'non
345 1032 441 1092 solum
464 1031 552 1093 occisi
574 1032 607 1092 fit
628 1032 802 1107 aestimatio,
825 1033 877 1095 sed
900 1052 935 1093 eo
950 1033 1079 1111 amplius
1093 1033 1122 1094 id
1137 1053 1255 1111 quoque
1270 1054 1348 1095 oom-

259 1125 392 1197 putatur,
425 1124 537 1196 quanto
565 1118 716 1196 depretiati
743 1126 813 1179 snut
840 1119 890 1197 qui
916 1127 1084 1197 supersunt.
1137 1120 1276 1181 Liberum
1304 1127 1349 1181 est
1368 1125 1398 1179 tt

259 1211 359 1265 sutem
382 1204 421 1278 ei,
452 1205 536 1265 cuins
559 1222 660 1266 servus
683 1205 768 1267 luerit
797 1205 925 1278 occisus,
954 1211 984 1265 et
1005 1205 1116 1283 privato
1141 1205 1247 1267 iudicio
1273 1206 1349 1284 legis

259 1288 393 1367 Aquiliae
416 1290 558 1351 damnum
574 1291 710 1368 persequi
724 1298 753 1351 et
768 1290 899 1370 capitalis
914 1290 1044 1352 oriminis
1059 1311 1126 1352 eum
1142 1311 1226 1352 reum
1243 1292 1347 1354 lacere.

324 1370 436 1453 ‘Caput
458 1376 622 1437 secundum
644 1376 719 1455 legis
734 1376 869 1454 Aquiliae
890 1376 920 1437 in
943 1395 1000 1437 usu
1021 1395 1082 1437 uon
1103 1372 1173 1439 est.>
1213 1373 1349 1455 ²*Capite
1366 1379 1453 1437 1213

252 1456 366 1522 2*terti0
389 1462 425 1522 de
446 1462 527 1521 omni
551 1469 647 1523 cetero
669 1463 780 1524 damno
802 1470 931 1524 cavetur.
972 1463 1073 1539 ltaque
1095 1463 1120 1523 si
1142 1463 1208 1540 quis
1230 1482 1349 1524 serrum

261 1543 323 1607 ‘vel
345 1566 412 1607 eam
434 1548 654 1626 quadrupedem
677 1568 754 1626 quae
775 1549 922 1627 pecudum
944 1568 1069 1609 numero
1084 1556 1130 1610 est
1144 1549 1348 1624 vulneraverit,

261 1628 338 1693 *sive
359 1652 425 1694 eam
448 1634 669 1712 quadrupedem
692 1654 768 1712 quae
790 1635 936 1713 pecudum
959 1653 1085 1697 numero
1106 1653 1168 1696 non
1184 1642 1239 1709 est,
1261 1636 1349 1695 veluti

261 1714 383 1780 *canem
405 1727 456 1779 aut
472 1720 564 1780 leram
580 1720 716 1793 bestiam,
740 1721 934 1781 vulneraverit
949 1728 1000 1781 aut
1014 1721 1160 1794 occiderit,
1184 1721 1241 1781 hoc
1255 1721 1349 1799 capite

261 1800 352 1865 *actio
376 1805 571 1866 constituitur.
605 1805 636 1864 in
658 1806 762 1866 ceteris
782 1825 900 1884 quoque
915 1806 1054 1867 omnibus
1068 1807 1255 1879 animalibus,
1278 1807 1349 1868 item

265 1886 311 1950 *in
324 1890 463 1950 omnibus
474 1891 563 1951 rebus
578 1909 654 1968 quae
669 1891 770 1952 anima
784 1898 884 1952 carent
897 1892 1041 1952 damnum
1056 1891 1162 1952 iniuria
1176 1892 1277 1953 datum
1292 1895 1350 1954 hac

254 1971 361 2053 ¹*parte
382 1974 554 2037 vindicatur.
588 1976 614 2036 si
635 1976 705 2053 quid
727 1977 807 2037 enim
829 1983 931 2037 ustum
953 1984 1003 2038 aut
1018 1984 1138 2056 ruptum
1154 1985 1206 2039 aut
1222 1978 1349 2039 fractum

257 2057 374 2135 frueris,
398 2061 472 2122 actio
494 2081 532 2122 ex
554 2060 611 2122 hoc
633 2062 726 2140 capite
747 2063 945 2125 constituitur:
967 2081 1149 2141 quamquam
1164 2064 1270 2143 poterit
1284 2065 1350 2125 sola

262 2142 355 2225 *rupti
369 2147 525 2225 appellatio
540 2147 570 2207 in
586 2167 693 2209 omues
707 2148 901 2223 istasoausas
916 2150 1063 2211 sufficere:
1079 2157 1199 2228 ruptum
1214 2150 1295 2211 enim
1306 2150 1349 2210 in·

262 2229 431 2309 *tellegitun
453 2235 532 2311 quod
547 2231 689 2311 quoquo⁸
703 2235 792 2297 modo
808 2243 979 2313 corruptum
994 2240 1048 2297 est.
1082 2236 1162 2298 unde
1176 2256 1238 2297 non
1252 2236 1349 2298 solum

252 2315 344 2380 'usta
366 2326 417 2380 aut
438 2319 539 2395 tracta,
563 2320 615 2382 sed
637 2320 725 2381 etiam
748 2321 841 2383 scissa
862 2328 892 2382 et
913 2321 1015 2384 colliso
1034 2329 1063 2383 et
1078 2323 1170 2384 eflusa
1184 2328 1214 2384 et
1229 2341 1349 2401 quoquo

252 2400 368 2465 *modo
389 2412 546 2485 perempta,
564 2414 652 2484 atque
674 2407 816 2468 deteriora
839 2408 917 2469 iacta
938 2409 996 2469 hoo
1017 2408 1106 2469 verbo
1129 2404 1347 2470 continentur⁴2

261 2490 388 2568 denique
410 2510 587 2569 responsum
610 2498 667 2565 est,
698 2492 723 2553 si
745 2493 811 2570 quis
833 2493 864 2553 in
887 2494 1015 2554 alienum
1039 2493 1141 2554 vinum
1170 2500 1221 2554 aut
1248 2496 1347 2555 oleum

259 2576 290 2637 id
311 2576 474 2651 immiserit,
498 2597 557 2655 quo
580 2577 723 2639 naturalis
744 2578 862 2639 bonitas
883 2578 944 2638 vini
966 2580 1010 2639 vel
1030 2578 1086 2640 olei
1101 2586 1347 2657 corrumperetur,

254 2668 298 2724 'ex
319 2663 376 2723 hac
398 2670 481 2741 parte
502 2663 576 2741 legis
599 2682 668 2725 eum
689 2664 791 2725 teneri.
825 2664 899 2725 lllud
921 2665 1019 2742 palam
1035 2672 1089 2739 est,
1112 2664 1187 2725 sicut
1200 2684 1237 2726 ex
1252 2665 1347 2743 primo
1366 2669 1401 2724 14

262 2750 356 2827 capite
377 2748 418 2809 ita
441 2749 561 2809 demum
583 2748 708 2826 quisque
729 2756 855 2823 tenetur,
879 2748 905 2810 si
925 2750 995 2811 dolo
1013 2757 1064 2811 aut
1078 2750 1165 2829 culpa
1179 2750 1243 2812 eius
1257 2752 1349 2812 homo

261 2840 312 2894 aut
334 2833 501 2911 quadrupes
524 2834 638 2895 occisus
660 2834 791 2895 occisore
812 2835 908 2907 luerit,
930 2835 971 2897 ita
992 2854 1029 2897 ex
1050 2836 1108 2897 hoc
1122 2835 1216 2914 capite
1230 2856 1267 2897 ex
1281 2836 1350 2897 dolo

257 2926 312 2979 ,aut
335 2918 422 2997 culpo
443 2919 479 2982 de
501 2927 596 2980 cetero
612 2920 723 2981 damno
739 2940 888 2998 quemque
901 2921 1003 2983 teneri.
1035 2919 1127 2983 ⁴*hoc
1140 2928 1241 2984 tamen
1256 2921 1351 2999 capite

260 3001 339 3065 *non
363 3004 465 3081 quanti
486 3004 517 3065 in
540 3024 575 3067 eo
598 3024 688 3081 anno,
711 3007 763 3067 sed
786 3007 889 3083 quanti
909 3007 940 3067 in
956 3006 1059 3069 diebus
1072 3007 1192 3085 triginta
1206 3007 1349 3085 proximis

260 3086 324 3151 'res
349 3090 444 3164 fuerit,
468 3086 647 3169 ‘obligatur'
669 3092 696 3152 is
717 3092 766 3170 qui
786 3093 931 3154 damnum
945 3093 1066 3154 dederit.
1102 3092 1161 3154 ⁴dc
1176 3093 1349 3172 neplurimi
1367 3094 1400 3150 15

262 3172 396 3253 *quidem
425 3177 547 3238 verbum
576 3178 707 3239 adicitur.
752 3180 804 3239 sed
830 3178 942 3240 Sabino
964 3174 1071 3241 <recte>
1094 3179 1204 3257 placuit
1229 3180 1349 3257 perinde

261 3258 446 3323 *habendam
462 3262 706 3337 aestimationem,
729 3284 765 3325 ao
779 3265 908 3325 sietiam
923 3265 979 3325 hac
994 3272 1076 3344 parte
1091 3264 1210 3343 plurimi
1226 3267 1349 3327 verbum

262 3344 424 3410 *adiectum
441 3349 558 3410 luisset:
581 3345 667 3411 uam*
683 3350 799 3428 plebem
814 3350 995 3424 Romanam,
1010 3371 1087 3430 quae
1097 3351 1215 3429 Aquilio
1229 3351 1348 3413 tribuno

256 3441 385 3513 rogante
407 3435 486 3495 banc
508 3436 604 3512 legem
626 3436 701 3509 tulit,
725 3431 911 3498 *oontentam
933 3437 1032 3513 fuisse,
1056 3437 1134 3515 quod
1157 3438 1252 3515 prima
1267 3445 1349 3516 parte

259 3515 313 3580 *eo
334 3522 423 3583 verbo
445 3540 500 3581 usa
522 3516 592 3583 est⁴.
1433 3537 1435 3540 ·

326 3600 498 3668 ”Ceterum
522 3606 631 3685 placuit
652 3606 693 3668 ita
715 3608 836 3669 demum
858 3627 895 3669 ex
922 3608 979 3669 bac
1004 3609 1071 3687 lege
1096 3609 1242 3671 actionem
1271 3629 1346 3683 esse,
1367 3612 1399 3667 16

251 3686 302 3750 lsi
324 3690 390 3768 quis
413 3687 599 3771 ‘praecipue’
622 3712 745 3772 corpore
767 3714 822 3755 suo
845 3694 989 3755 damnum
1011 3695 1131 3757 dederit.
1169 3695 1293 3774 ideoque
1318 3696 1349 3756 in

254 3772 359 3849 lcum,
393 3778 443 3854 qui
474 3779 531 3839 alio
563 3780 652 3841 modo
682 3780 826 3840 damnum
856 3780 980 3855 dederit,
1013 3781 1099 3842 utiles
1128 3781 1258 3843 actiones
1286 3781 1349 3841 dari

251 3856 387 3923 .*solent:
410 3862 499 3923 veluti
521 3864 547 3925 ei
569 3865 635 3943 quis
650 3865 803 3927 hominem
818 3866 949 3926 alienum
964 3874 1015 3928 aut
1030 3887 1120 3945 pocus
1134 3868 1175 3928 ita
1189 3866 1348 3939 incluserit,

250 3942 309 4033 “ut
329 3947 409 4009 tame
429 3957 597 4025 necaretur,
629 3955 680 4011 aut
701 3952 866 4037 iumentum
889 3959 951 4012 tam
973 3953 1162 4015 vehementer
1184 3952 1289 4031 egerit,
1316 3959 1350 4013 ut

249 4081 256 4089 '
330 4080 456 4152 ¹dsmni]
474 4084 506 4150 P,
523 4084 712 4152 aquitano
771 4086 857 4139 *eat
867 4085 892 4153 3,
902 4086 953 4140 217
1016 4089 1109 4155 ⁸quod
1128 4084 1242 4210 ww
1260 4086 1350 4153 Ml,

258 4153 329 4219 quod
345 4168 398 4219 quo
416 4151 521 4219 Audio,
539 4171 590 4221 quo
607 4154 660 4221 Ba,
677 4172 782 4223 quoquo
799 4153 914 4209 B⁶0⁰P
980 4157 993 4190 ⁴
1014 4158 1073 4209 Gai.
1085 4154 1110 4223 3,
1120 4154 1180 4210 218.
1208 4156 1222 4209 l
