3309 4917
354 617 427 668 P=
449 618 530 669 codex
554 617 725 670 bibliothecae
752 618 871 685 publicae
897 618 1048 670 Parisiensis
1076 623 1141 671 4421
1169 635 1236 672 eaeo.
1255 621 1300 670 x1.
1336 621 1437 672 eorituli

387 688 500 738 Berolini
517 691 630 739 a.1869.

354 772 382 823 Ε
397 774 529 894 :totildex
541 774 711 825 bibliothecae
729 773 849 840 publicae
862 775 1058 840 Bnmbergensis
1076 776 1100 824 D
1113 777 1165 827 114
1184 791 1251 827 eaeo.
1264 777 1300 826 XI
1318 778 1360 829 vel
1378 779 1437 829 ΧΗ.
1504 843 1507 850 Ι

388 861 466 894 nonu
503 860 566 908 ipse.

359 929 389 979 W
405 949 438 972 =
457 930 538 980 codex
555 929 727 980 bibliothecae
744 929 857 980 civitatis
876 930 996 982 Coloniae
1012 931 1170 997 Agrippinae
1187 932 1219 995 Χ,
1239 937 1263 996 8,
1281 931 1342 982 olim
1356 932 1438 982 Wall·

386 1000 521 1064 rullianus,
539 1015 606 1050 suso.
618 999 676 1049 XII.
712 999 810 1050 eontuli
828 999 892 1065 ipss.

354 1087 375 1134 Θ
393 1105 426 1128 =
443 1085 582 1152 'l'heophili
601 1085 766 1151 paraphrasis
784 1087 885 1138 Graece
902 1086 1102 1138 institutionum.

352 1173 411 1224 dett.
431 1192 463 1214 =
481 1173 542 1223 libri
554 1173 699 1237 deteriores,
717 1189 825 1238 quornm
844 1173 966 1225 lectiones
978 1173 1116 1225 laudantur
1134 1174 1161 1224 in
1173 1174 1284 1226 editione
1296 1174 1438 1226 Schraderi.

351 1259 401 1310 ine.
422 1279 453 1301 =
471 1259 568 1312 inserto
585 1259 669 1310 leotio.

352 1345 405 1396 ind.
425 1365 458 1387 =
475 1345 553 1396 index
569 1345 713 1410 titulorum,
731 1346 776 1411 qni
794 1352 867 1397 extet
885 1347 913 1396 in
932 1346 1063 1398 codicibus
1078 1345 1104 1396 V
1116 1353 1142 1397 et
1160 1345 1197 1408 Β.,

421 1432 472 1483 Ubi
493 1432 617 1483 librorum
635 1433 763 1498 scripture
784 1433 920 1483 emendata
937 1441 989 1497 est,
1017 1432 1090 1498 siglis
1112 1448 1200 1483 eorum
1223 1432 1255 1482 ad
1273 1432 1438 1500 indicandam

352 1501 555 1552 emendationem
567 1502 710 1553 litterulam
727 1500 740 1538 ὁ
758 1501 857 1553 addidi:
870 1501 1005 1567 ¹primitive
1017 1503 1143 1567 scriptura
1161 1502 1201 1552 his
1218 1501 1282 1552 loeis
1295 1501 1410 1553 litterula
1424 1512 1438 1539 a

352 1571 520 1636 significetur.
557 1571 602 1621 ubi
620 1572 647 1621 in
666 1571 728 1637 ipsis
745 1571 819 1621 libris
836 1577 941 1622 notatur
952 1571 1088 1622 diversitas
1106 1571 1254 1637 scripturae,
1273 1572 1342 1622 hano
1359 1572 1437 1636 signi·

353 1640 428 1690 fioavi
447 1640 563 1691 litterula
576 1649 598 1704 ⁰,
617 1647 766 1691 contextum
777 1640 836 1691 libri
847 1640 963 1692 litterula
980 1642 996 1689 t,
1025 1641 1233 1706 interrogationis
1245 1641 1348 1705 signum
1359 1641 1437 1691 libro-

352 1726 410 1760 rum
428 1709 501 1776 siglis
520 1709 636 1760 additum
654 1725 753 1776 semper
771 1710 804 1760 ed
821 1710 937 1776 proxime
955 1710 1109 1776 praecedens
1126 1710 1288 1762 referendum
1307 1716 1353 1760 est.
