3309 4917
266 522 555 569 oerxcnrrronrnus
587 490 589 493 ⁵
782 506 842 569 163
1259 503 1308 569 IV,
1321 504 1354 559 18

265 684 330 747 tore
351 676 498 739 deferente
520 696 673 755 possessor
694 678 833 739 iuraverit
854 697 921 738 eam
943 697 1007 738 rem
1030 697 1118 739 suam
1137 681 1203 740 esse
1217 684 1246 739 et
1261 679 1354 741 nihilo

265 764 366 825 minus
388 762 513 824 eandem
535 782 598 823 rem
621 763 725 841 petitor
748 763 886 825 vindicet:
909 760 976 827 licet
998 764 1079 824 enim
1101 784 1204 827 verum
1222 764 1259 825 sit
1274 766 1354 842 quod

259 850 398 923 intendit,
421 848 450 909 id
473 855 516 909 est
538 868 603 909 rem
625 849 687 911 eius
709 870 783 925 esse,
807 850 943 926 iniquum
964 858 1011 911 est
1030 857 1132 912 tamen
1150 869 1353 930 possessorem

267 935 467 997 condemnari.
513 934 604 996 ²ltem
628 935 653 997 si
674 936 781 997 iudicio
802 943 900 997 tecum
923 942 1023 997 actum
1045 937 1132 999 tuerit
1153 937 1267 998 sivein
1288 956 1353 998 rem
1371 945 1387 998 5

266 1020 379 1083 sivein
402 1040 575 1099 personam,
606 1021 697 1083 nihilo
725 1022 824 1084 minus
854 1022 995 1101 obligatio
1024 1023 1111 1083 durat
1138 1031 1167 1085 et
1194 1023 1261 1084 ideo
1288 1023 1353 1103 ipso

257 1108 329 1169 iure
350 1114 453 1186 postea
474 1108 511 1167 de
532 1107 636 1183 eadem
658 1128 690 1169 re
712 1109 854 1169 adversus
875 1115 904 1169 te
927 1108 976 1186 agi
991 1116 1100 1187 potest:
1124 1109 1174 1170 sed
1197 1109 1287 1171 debes
1301 1129 1353 1189 per

263 1194 467 1271 exceptionem
489 1192 531 1253 rei
552 1193 696 1255 iudicatae
718 1194 858 1256 adiuvari.
896 1189 992 1255 ‘Haec
1013 1195 1141 1274 exempli
1160 1214 1251 1257 causa
1265 1202 1386 1259 redu-6

264 1275 350 1341 <lisse
372 1279 506 1341 sufficiet.
544 1279 675 1357 alioquin
703 1300 793 1357 quam
820 1300 858 1341 ex
882 1280 983 1341 multis
1009 1281 1155 1358 variisque
1181 1280 1278 1342 causis
1304 1301 1352 1343 ex-

265 1361 429 1444 <captiones
444 1365 634 1427 ,necessariae
656 1365 727 1439 sint,
755 1386 792 1426 ex
813 1366 966 1427 latioribus
994 1366 1177 1445 digestorum
1203 1386 1255 1427 seu
1282 1387 1352 1444 pan·

264 1448 432 1513 <dectarum
443 1451 525 1511 libris
537 1451 666 1529 intellegi
681 1447 803 1529 potest.>
839 1451 972 1524 Quarum
988 1450 1154 1529 quaedam²
1170 1449 1222 1513 *ex
1236 1452 1351 1531 legibus
1370 1463 1386 1515 ‘t

265 1533 327 1599 *rel
349 1557 386 1599 ex
408 1537 464 1611 his,
495 1556 571 1615 quae
592 1538 663 1614 legis
687 1538 779 1599 vicem
803 1539 946 1618 optinent,
969 1540 1014 1599 vel
1037 1538 1187 1617 exipsius
1209 1540 1351 1617 praetoris

266 1619 480 1685 *iurisdictione
501 1623 697 1684 substantiam
720 1621 867 1703 capiunt*
912 1626 1107 1702 Appellantur
1128 1631 1228 1685 autem
1250 1644 1350 1704 excep·
1369 1634 1437 1704 till)
1537 1637 1538 1656 ²

263 1710 359 1771 tiones
382 1710 456 1770 aliae
478 1717 636 1787 perpetuae
657 1717 687 1771 et
708 1710 931 1788 peremptoriae,
954 1709 1028 1771 aliae
1047 1712 1224 1788 temporales
1238 1717 1267 1771 et
1281 1710 1351 1771 dila·

263 1797 364 1857 toriae.
402 1796 564 1873 Perpetuae
586 1802 615 1855 et
636 1797 849 1873 peremptoriae
870 1802 950 1871 sunt,
973 1815 1050 1873 quae
1065 1816 1182 1875 semper
1196 1796 1350 1873 agentibus
1368 1806 1436 1874 9(8)
1537 1821 1538 1824 ¹

264 1882 384 1942 obstant
412 1888 440 1941 et
470 1900 588 1958 semper
614 1900 677 1942 rem
706 1882 744 1943 de
770 1900 831 1959 qua
856 1882 954 1959 agitur
982 1883 1152 1959 peremunt:
1183 1882 1278 1960 qualis
1305 1890 1351 1944 est

263 1968 394 2045 exceptio
417 1966 476 2027 doli
498 1966 570 2026 mali
598 1974 626 2026 et
655 1968 734 2044 quod
760 1975 858 2028 metus
885 1987 976 2029 causa
1003 1967 1115 2029 factum
1144 1975 1189 2029 est
1217 1975 1246 2029 et
1273 1968 1350 2045 pacti

255 2056 414 2127 conventi,
447 2072 515 2113 curn
545 2052 585 2113 ita
614 2054 794 2127 convenerit,
824 2073 863 2114 ne
893 2053 1016 2114 omnino
1043 2054 1168 2131 pecunia
1193 2061 1348 2131 peteretur.

263 2138 455 2217 Temporales
478 2145 565 2216 atque
588 2138 738 2199 dilatoriae
761 2145 844 2213 sunt,
874 2157 950 2217 quae
976 2141 1013 2199 ad
1040 2146 1157 2217 ternpus
1184 2147 1292 2201 nocent
1321 2148 1351 2200 et
1370 2148 1452 2217 10(9)
1537 2179 1538 2206 r

255 2225 402 2303 'temporis
431 2225 600 2286 dilationem
629 2225 773 2285 tribuunt:
803 2226 898 2302 qualis
925 2232 969 2287 est
995 2226 1072 2303 pacti
1101 2226 1250 2300 conventi,
1280 2244 1349 2287 cum

261 2312 438 2385 convenerit,
462 2331 500 2373 ne
521 2311 599 2371 intra
621 2318 734 2372 certum
756 2319 875 2390 tempus
897 2319 1042 2388 ageretur,
1065 2312 1154 2373 veluti
1174 2312 1252 2373 intra
1266 2312 1349 2389 quin·

261 2397 434 2473 quennium.
482 2414 553 2457 nam
580 2396 662 2457 finito
689 2416 724 2458 eo
750 2402 884 2475 ternpore
910 2417 972 2458 non
998 2397 1157 2476 impeditur
1182 2405 1264 2459 actor
1285 2416 1347 2459 rem

261 2483 391 2560 exsequi.
423 2502 492 2559 ergo
515 2482 555 2555 hi,
580 2482 686 2559 quibus
708 2483 786 2543 intra
807 2489 926 2560 tempus
941 2502 1030 2561 agere
1044 2482 1211 2544 volentibus
1226 2483 1349 2544 obicitur

261 2569 393 2645 exceptio
424 2575 474 2628 aut
504 2568 581 2646 pacti
613 2567 748 2628 conventi
779 2575 830 2627 aut
857 2568 918 2628 alia
945 2568 1062 2642 similis,
1097 2569 1212 2629 differre
1242 2568 1349 2629 debent

261 2654 407 2715 actionem
430 2661 458 2715 et
480 2660 547 2733 post
567 2661 685 2731 tempus
707 2672 812 2735 agere:
843 2654 909 2714 ideo
938 2654 1018 2715 enim
1047 2662 1076 2715 et
1103 2653 1254 2715 dilatoriae
1274 2658 1348 2716 istae

261 2742 446 2818 exceptiones
469 2740 661 2817 appellantur.
705 2738 848 2816 alioquin,
878 2738 904 2799 si
925 2739 1002 2799 intra
1023 2746 1140 2817 tempus
1163 2740 1278 2818 egerint
1298 2741 1348 2801 oh·

260 2825 393 2902 iectaque
415 2826 453 2885 sit
474 2826 614 2903 exceptio,
638 2844 734 2901 neque
749 2844 785 2887 eo
800 2825 906 2886 iudicio
920 2826 1080 2903 quicquam
1096 2834 1349 2904 consequerentur

260 2920 380 2989 propter
408 2910 609 2989 exceptionem
639 2930 694 2971 nec
721 2918 787 2988 post
813 2919 931 2989 tempus
957 2907 1058 2972 ‘olim’
1088 2931 1177 2989 agere
1202 2919 1346 2989 poterant,

260 3016 330 3058 cum
351 3004 462 3058 temere
483 3016 546 3057 rem
568 2997 599 3056 in
621 2996 761 3057 iudicium
783 2996 968 3059 deducebant
989 3005 1019 3059 et
1040 2998 1264 3072 consumebant,
1288 3018 1348 3075 qua

261 3083 374 3143 ratione
396 3102 459 3143 rem
482 3082 665 3144 amittebant.
688 3077 791 3161 ‘hodie
814 3091 914 3144 autem
936 3103 998 3144 non
1020 3084 1062 3145 ita
1080 3084 1178 3144 stricte
1193 3084 1268 3145 haec
1282 3101 1346 3161 pro-

259 3165 376 3231 ‘cedere
399 3170 552 3243 volumus,
581 3169 631 3230 sed
655 3189 737 3243 eum,
761 3169 811 3247 qui
833 3177 903 3232 ante
924 3176 1042 3247 tempus
1065 3169 1207 3248 pactionis
1231 3170 1275 3230 rel
1296 3170 1346 3229 ob-

258 3250 422 3334 ‘ligationis
450 3256 545 3315 litem
562 3254 670 3316 inferre
699 3274 789 3317 ausus
818 3263 877 3329 est,
908 3256 1098 3317 Zenonianse
1124 3255 1346 3317 constitutioni⁸

258 3336 424 3403 <subiacere
446 3358 611 3414 censemus,
635 3360 724 3418 quam
748 3341 966 3403 sacratissimus
989 3341 1140 3420 legislator
1161 3342 1198 3403 de
1219 3342 1266 3402 his
1295 3342 1346 3420 qui

258 3422 406 3506 ‘tempore
427 3428 494 3505 plus
516 3426 662 3504 petierunt
683 3428 812 3504 protulit,
836 3435 869 3488 nt
890 3435 920 3489 et
940 3428 1079 3503 indutias,
1102 3447 1186 3505 quas,
1216 3426 1263 3488 si⁴
1283 3426 1346 3506 ipse

258 3509 355 3575 <actor
370 3520 475 3593 sponte
489 3512 642 3574 indulserit
653 3514 699 3573 vel
709 3520 815 3574 natura
825 3513 949 3576 actionis
961 3514 1100 3588 continet,
1118 3520 1344 3591 contempserat,

245 3593 305 3659 “in
328 3600 450 3678 duplum
473 3600 603 3660 babeant
625 3598 665 3676 hi,
689 3598 740 3676 qui
762 3600 851 3661 talem
872 3599 1011 3660 iniuriam
1033 3600 1114 3677 passi
1132 3608 1212 3675 sunt,
1236 3608 1346 3678 etpost

258 3679 324 3744 <eas
351 3685 449 3746 finitas
475 3704 536 3745 non
564 3684 648 3746 aliter
673 3684 754 3745 litem
781 3686 956 3763 suscipiant,
984 3686 1040 3747 nisi
1067 3706 1173 3748 omnes
1200 3706 1345 3764 expensas

258 3764 330 3829 ‘litis
352 3777 439 3831 antea
461 3770 637 3849 acceperint,
664 3777 697 3831 ut
719 3778 833 3833 actores
854 3771 906 3832 tali
927 3790 1025 3850 poena
1046 3772 1190 3851 perterriti
1212 3780 1346 3849 tempora

258 3851 367 3916 ‘litium
390 3856 550 3917 doceantur
571 3852 752 3918 observare.>
794 3858 949 3919 Praeterea
970 3859 1059 3919 etism
1082 3879 1118 3920 ex
1133 3857 1344 3937 personadila·
1358 3863 1447 3933 ullo)
1537 3909 1538 3932 ,

258 3942 349 4003 toriae
371 3948 441 4002 sunt
461 3942 658 4021 exceptiones:
682 3944 785 4019 quales
808 3950 879 4003 sunt
900 3944 1126 4022 procuratorias,
1151 3943 1238 4006 veluti
1252 3943 1278 4004 si
1292 3963 1344 4021 per
1537 3941 1538 3950 ’

329 4112 654 4178 ¹§5aoecaua106
734 4113 920 4179 ’caecus
1001 4112 1210 4183 ⁸00u.3‚10,1
1291 4115 1344 4167 ⁴si

258 4198 307 4233 om.
326 4182 392 4245 libri,
411 4184 495 4248 suppl.
514 4180 657 4236 Mommsen
