3309 4917
250 490 455 538 aoeuarosms
469 490 661 539 successione
769 474 809 537 95
1254 472 1335 538 111‚2

249 641 435 726 ‘superstites
449 666 511 707 non
529 653 598 707 sunt
621 646 679 724 (his
694 647 803 709 etenim
818 647 953 726 personis
966 647 1210 725 praecedentibus
1225 654 1253 708 et
1269 667 1333 709 suc·

251 728 429 795 ‘cessionem
444 732 665 795 admittentibus
679 734 765 795 ceteri
780 735 891 813 gradus
902 741 1058 795 remanent
1068 733 1185 812 penitus
1196 734 1332 815 semoti):

250 814 397 880 ‘videlicet
419 818 578 881 hereditate
600 838 662 879 non
684 819 743 881 ad1
765 820 881 899 stirpes,
905 819 1010 881 sedin
1033 820 1128 898 capita
1149 816 1329 881 diuidenda.>

246 916 249 922 “
317 905 348 966 Si
375 906 473 983 plures
501 906 560 967 sint
588 905 698 983 gradus
728 906 942 985 adgnatorum,
969 913 1068 984 aperte
1095 907 1145 967 lex
1174 906 1327 968 duodecim
1352 914 1368 967 5

248 992 418 1052 tabularum
443 992 612 1070 proximum
638 999 734 1054 vocat:
761 992 861 1069 itaque
889 992 914 1053 si
935 992 1016 1053 verbi
1041 992 1136 1071 gratia
1170 992 1207 1053 sit
1242 992 1332 1054 irater

245 1077 379 1139 'defuncti
393 1084 421 1138 et
437 1078 554 1139 alterius
563 1077 659 1138 fratris
673 1078 751 1139 filius
766 1085 817 1138 aut
828 1085 960 1157 patruus,
977 1079 1067 1139 frater
1081 1077 1176 1157 potior
1190 1079 1325 1144 habetur.

247 1171 280 1225 'et
302 1164 436 1241 quamvis
458 1164 600 1242 singulari
621 1182 745 1226 numero
767 1183 822 1225 usa
844 1166 892 1225 lex
914 1164 1081 1242 proximum
1104 1172 1201 1239 vocet,
1224 1171 1326 1226 tamen

250 1250 372 1312 dubium
394 1269 456 1311 non
478 1257 532 1324 est,
556 1250 627 1328 quin
649 1257 688 1325 et,
712 1251 736 1311 si
751 1251 849 1329 plures
865 1250 924 1310 sint
939 1250 1069 1311 eiusdem
1085 1250 1202 1327 gradus,
1226 1271 1331 1312 omnes

246 1337 455 1398 admittantur:
485 1356 557 1396 nam
584 1344 612 1397 et
638 1335 755 1413 proprie
783 1337 934 1415 proximus
963 1356 1000 1397 ex
1028 1335 1160 1414 pluribus
1187 1338 1329 1415 gradibus

250 1422 427 1501 intellegitur
446 1428 474 1483 et
489 1430 590 1482 tamen
605 1422 728 1483 dubium
743 1442 803 1483 non
825 1431 878 1495 est,
895 1422 976 1500 quin,
992 1422 1059 1482 licet
1072 1442 1150 1482 unus
1166 1422 1204 1482 sit
1218 1423 1330 1501 gradus

249 1510 462 1586 adgnatorum,
487 1508 629 1586 pertineat
651 1509 688 1568 ad
710 1527 760 1569 eos
783 1510 938 1571 hereditas.
984 1508 1140 1569 Proximus
1164 1515 1276 1582 autem,
1304 1510 1364 1572 sid

251 1594 367 1671 quidem
385 1595 466 1655 nullo
477 1602 655 1656 testamento
670 1595 746 1655 facto
758 1594 882 1672 quisque
894 1594 1058 1668 decesserit,
1074 1612 1127 1672 per
1141 1595 1199 1654 hoc
1214 1602 1331 1672 tempus

251 1680 421 1758 requiritur,
451 1700 509 1758 quo
536 1688 670 1742 mortuus
698 1689 743 1741 est
768 1681 792 1741 is
819 1681 902 1742 cuius
931 1681 967 1742 de
988 1681 1147 1741 hereditate
1168 1681 1328 1759 quaeritur.

248 1767 336 1851 'quod
354 1767 379 1827 si
401 1768 476 1827 facto
498 1775 673 1828 testamento
696 1767 854 1843 quisquam
874 1767 1037 1840 decesserit,
1061 1786 1113 1846 per
1135 1767 1192 1827 hoc
1214 1774 1331 1845 tempus

249 1852 413 1929 requiritur,
426 1872 484 1928 quo
497 1860 609 1914 certum
621 1872 686 1913 esse
695 1853 819 1930 coeperit
829 1854 944 1913 nullum
957 1873 993 1915 ex
1002 1859 1177 1913 testamento
1189 1852 1328 1914 heredem

250 1945 431 2000 extaturum:
464 1944 528 1999 tum
554 1938 633 1998 enim
660 1938 776 2016 proprie
803 1939 928 2016 quisque
949 1938 1126 2016 intellegitur
1153 1936 1330 2000 intestatus²

250 2023 419 2085 decessisse.
465 2025 542 2100 quod
565 2024 684 2100 quidem
706 2024 864 2100 aliquando
886 2025 977 2103 longo
999 2030 1131 2101 tempore
1153 2024 1330 2085 declaratur:

249 2110 280 2171 in
309 2129 367 2187 quo
397 2110 490 2187 spatio
518 2110 659 2188 temporis
685 2129 771 2189 saepe
798 2110 914 2185 accidit,
951 2118 983 2171 ut
1010 2109 1188 2190 proximiore
1213 2117 1330 2171 mortuo

250 2196 402 2275 proximus
417 2215 482 2256 esse
497 2195 623 2275 incipiat,
640 2197 689 2273 qui
705 2197 849 2257 moriente
863 2203 1001 2259 testatore
1016 2216 1078 2258 non
1093 2203 1155 2257 erat
1168 2198 1329 2274 proximus.

249 2282 386 2344 Placebat
408 2289 506 2343 autem
534 2283 564 2343 in
587 2302 622 2343 eo
644 2302 752 2361 genere
774 2282 1027 2361 percipiendarum
1049 2283 1244 2344 hereditatum
1267 2292 1365 2345 suc-t

250 2369 414 2430 cessionem
429 2388 490 2429 non
506 2388 580 2442 esse,
602 2369 632 2428 id
647 2376 747 2443 estut,
769 2370 903 2446 quamvis
918 2370 1079 2448 proximus,
1103 2369 1152 2446 qui
1168 2371 1330 2431 secundum

250 2474 285 2515 ea
311 2474 387 2531 quae
416 2455 542 2516 diximus
564 2463 684 2516 vocatur
710 2455 747 2515 ad
772 2454 978 2530 hereditatem,
1006 2462 1056 2515 aut
1084 2456 1222 2533 spreverit
1248 2456 1330 2517 here·

250 2541 369 2603 dilatem
397 2548 447 2602 aut
469 2549 630 2619 antequam
652 2542 736 2602 adeat
758 2541 925 2614 decesserit,
953 2542 1045 2603 nihilo
1074 2541 1171 2618 magis
1199 2542 1329 2617 legitimo

249 2626 311 2688 iure
333 2634 489 2704 sequentes
512 2627 714 2688 admittuntur.
752 2620 846 2703 <quod
868 2627 974 2688 iterum
989 2636 1137 2707 praetores
1159 2626 1330 2704 imperfecto

250 2709 327 2774 ‘iure
349 2713 530 2792 corrigentes
553 2733 615 2774 non
644 2714 675 2773 in
704 2721 800 2774 totum
829 2714 893 2773 sine
915 2714 1092 2775 adminiculo
1115 2713 1328 2789 relinquebant,

248 2794 314 2859 ‘sed
344 2818 381 2859 ex
403 2806 597 2876 cognatorum
619 2799 721 2860 ordine
748 2818 799 2859 eos
821 2799 979 2873 vocabant,
1010 2807 1110 2877 utpote
1138 2798 1325 2877 adgnationis

249 2880 327 2945 ‘iure
342 2884 384 2943 eis
399 2885 522 2946 recluso.
548 2885 598 2945 sed
614 2904 669 2947 nos
685 2884 758 2945 nihil
773 2885 875 2946 deesse
885 2885 1096 2962 perfectissimo
1107 2884 1163 2945 iuri
1178 2886 1327 2963 cupientes

249 2965 367 3031 ‘nostra
399 2968 626 3031 constitutione³
659 2971 827 3044 sanximus,
870 2989 960 3046 quam
993 2970 1029 3031 de
1062 2971 1125 3032 iure
1158 2977 1330 3049 patronatus

241 3052 447 3138 ’‘humanitate
462 3064 640 3135 suggerente
654 3056 839 3135 protulimus,
856 3056 1071 3118 successionem
1085 3058 1116 3118 in
1132 3057 1329 3135 adgnatorum

247 3138 472 3203 ‘hereditatibus
499 3162 560 3202 non
582 3162 647 3203 esse
673 3143 714 3203 eis
736 3143 957 3219 denegandam,
981 3161 1049 3203 cum
1073 3144 1144 3203 satis
1166 3144 1329 3205 absurdum

248 3224 335 3303 ‘erat
359 3228 437 3304 quod
460 3228 593 3307 cognatis
616 3236 780 3308 apraetore
798 3235 933 3307 apertum
955 3236 1009 3302 est,
1032 3229 1089 3291 hoc
1105 3230 1241 3307 adgnatis
1263 3249 1328 3290 esse

247 3309 425 3389 ‘reclusum
449 3314 578 3375 maxime
601 3333 667 3375 cum
696 3316 727 3375 in
750 3335 840 3377 onere
862 3314 981 3393 quidem
1002 3317 1160 3378 tutelarum
1183 3323 1211 3376 et
1233 3316 1329 3393 primo

248 3395 359 3479 <gradu
381 3400 531 3463 deficiente
553 3420 680 3479 sequens
698 3403 826 3463 succedit
848 3408 886 3475 et,
909 3402 988 3479 quod
1009 3401 1040 3463 in
1063 3422 1152 3465 onere
1167 3402 1326 3480 optinebat,

247 3480 323 3548 ‘non
346 3494 407 3548 erat
429 3487 460 3547 in
481 3488 564 3549 lucro
587 3484 790 3566 permissum.>

312 3574 358 3633 Ad
390 3573 553 3651 legitimam
582 3574 797 3635 successionem
830 3574 922 3637 nihilo
956 3575 1054 3636 minus
1084 3583 1204 3636 vocatur
1239 3576 1364 3637 etiam8

246 3676 368 3736 parens,
398 3660 448 3735 qui
476 3667 626 3721 contracta
652 3660 757 3721 fiducia
783 3661 877 3721 filium
905 3664 951 3722 vel
978 3662 1084 3734 filiam,
1114 3671 1253 3740 nepotem
1281 3663 1328 3723 vel

245 3750 365 3822 neptem
387 3764 422 3805 ac
444 3746 580 3825 deinceps
596 3747 770 3825 emancipat.
807 3742 902 3823 <quod
925 3766 963 3807 ex
981 3754 1083 3809 nostra
1099 3747 1329 3810 constitutione⁴

243 3824 432 3892 ‘omnimodo
447 3832 602 3908 inducitur,
626 3840 658 3894 ut
673 3833 922 3911 emancipationes
940 3834 1101 3895 liberorum
1122 3855 1238 3913 semper
1253 3835 1329 3897 vide·

244 3911 349 3978 <antur
362 3924 510 3979 contracta
524 3919 629 3980 fiducia
651 3918 722 3993 fieri,
746 3938 814 3980 num
835 3920 912 3997 apud
928 3920 1064 3997 antiquos
1086 3941 1148 3983 non
1163 3922 1247 3982 aliter
1270 3920 1328 3982 hoc

245 3997 420 4081 <optinebat,
437 4004 493 4065 nisi
509 4005 669 4083 specialiter
681 4012 830 4067 contracta
842 4006 947 4067 fiducia
957 4026 1066 4084 parens
1077 4002 1326 4068 manumisisset.>

243 4138 380 4273 mejam]
398 4142 528 4209 unios
582 4142 640 4195 'sic
651 4140 711 4242 lit),
723 4145 845 4196 intestato
862 4142 887 4194 T
941 4140 1182 4210 ’coauctam
1239 4142 1327 4197 ‘cort
