3309 4917
254 505 493 552 armorrrrrnus
772 486 813 549 83
1041 473 1044 480 ⁴
1255 483 1290 550 11,
1303 482 1337 538 23

255 658 333 722 ‘non
356 662 423 738 plus
445 677 535 736 quam
557 658 732 720 dodrantem
758 658 927 719 hereditatis
954 657 1079 736 scriptus
1106 659 1192 720 heres
1213 666 1336 737 rogatus

255 745 310 807 ‘sit
336 747 500 819 restituere,
531 752 601 806 tunc
627 765 664 805 ex
687 744 873 806 Trebelliano
900 751 1020 806 senatus
1050 747 1185 806 consulto
1207 745 1336 807 restitue·

255 831 359 894 *batur
380 831 526 892 hereditas
548 838 577 893 et
598 831 629 891 in
651 838 811 907 utrumque
833 830 963 891 actiones
984 831 1176 892 hereditariae
1197 851 1250 910 pro
1272 840 1336 893 rata

248 917 356 997 ·*parte
377 919 540 979 dabantur:
569 917 599 977 in
621 917 758 978 heredem
780 916 899 993 quidem
920 916 983 978 iure
1005 916 1092 991 civili,
1121 917 1152 977 in
1175 936 1244 978 eum
1266 935 1335 980 vero

257 1002 324 1084 *qui
339 1004 494 1082 recipiebat
508 1002 698 1065 hereditatem
723 1022 760 1064 ex
775 1010 896 1063 senatus
911 1003 1046 1064 consulto
1062 1003 1247 1065 Trebelliano
1263 1011 1335 1065 tam·

255 1088 361 1170 'quam
389 1091 421 1151 in
449 1090 598 1152 heredem.
635 1089 684 1150 at¹
711 1089 737 1149 si
764 1089 831 1167 plus
858 1108 948 1165 quam
976 1090 1149 1152 dodrantem
1172 1091 1217 1151 vel
1246 1089 1334 1152 etiam

257 1175 367 1240 *totam
390 1177 579 1238 hereditatem
602 1175 755 1236 restituere
774 1181 898 1253 rogatus
919 1175 966 1249 sit,
989 1177 1071 1236 locus
1093 1183 1156 1237 erat
1169 1176 1335 1255 Pegasiano

254 1261 393 1326 ‘senatus
415 1264 560 1336 consulto,
582 1256 626 1322 <et
648 1256 760 1334 heres,>
783 1261 834 1339 qui
856 1262 948 1322 semel
969 1261 1071 1322 adierit
1086 1262 1285 1337 hereditatem,
1310 1264 1335 1323 si

258 1347 363 1412 *modo
385 1368 440 1410 sua
454 1349 604 1409 voluntate
617 1347 728 1422 adierit,
751 1348 812 1409 sive
825 1347 976 1408 retinuerit
990 1354 1125 1424 quartam
1140 1355 1254 1425 partem
1276 1349 1336 1410 sive

257 1433 401 1498 *noluerit
427 1435 565 1508 retinere,
595 1434 658 1511 ipse
683 1434 819 1494 universa
848 1453 938 1494 onera
965 1433 1140 1494 hereditaria
1162 1434 1335 1494 sustinebat.

256 1520 345 1584 *sed2
368 1529 472 1599 quarta
493 1521 612 1598 quidem
634 1528 748 1582 retenta
770 1519 853 1596 quasi
876 1519 966 1597 partis
988 1527 1017 1580 et
1038 1539 1092 1597 pro
1114 1527 1196 1597 parte
1218 1520 1335 1597 stipula-

256 1609 369 1670 'tioncs
390 1608 653 1690 interponebantur
667 1614 819 1683 tamquam
842 1606 918 1666 inter
932 1605 1103 1683 partiarium
1118 1606 1292 1684 legatarium
1307 1613 1335 1667 et

257 1691 430 1756 heredem:
461 1695 575 1754 sivero
602 1700 696 1753 totam
724 1692 916 1754 hereditatem
947 1692 1115 1767 restituerit,
1146 1690 1280 1770 ³emptae
1307 1699 1336 1753 et

258 1776 407 1842 *venditae
422 1780 589 1841 hereditatis
604 1779 806 1856 stipulationes
820 1777 1092 1856 interponebantur.
1116 1778 1167 1840 sed
1182 1778 1207 1839 si
1222 1786 1336 1840 recuset

256 1863 399 1944 ‘scriptus
428 1866 513 1926 heres
539 1865 619 1925 adire
641 1865 832 1925 hereditatem
860 1865 898 1924 ob
921 1864 963 1936 id,
993 1865 1072 1940 quod
1094 1865 1171 1925 dicat
1191 1884 1258 1926 earn
1281 1864 1336 1925 sibi

257 1948 441 2030 *suspectam
464 1969 529 2012 esse
557 1949 642 2028 quasi
664 1950 854 2023 damnosam,
882 1957 1000 2010 cavetur
1020 1950 1186 2028 Pegasiano
1215 1957 1335 2012 senatus

256 2035 422 2111 *consulto‚
444 2045 477 2098 ut
499 2036 682 2098 desiderante
703 2055 754 2109 eo,
778 2036 824 2095 cui
845 2035 996 2096 restituere
1017 2044 1138 2114 rogatus
1166 2043 1223 2110 est,
1253 2036 1335 2097 iussu

258 2120 415 2202 *praetoris
444 2123 531 2184 adeat
560 2129 589 2184 et
617 2122 750 2184 restituat
776 2122 968 2183 hereditatem
996 2122 1174 2200 perindeque
1199 2122 1226 2183 ei
1254 2129 1283 2184 et
1303 2121 1335 2182 in

257 2207 342 2272 *eum
368 2210 417 2287 qui
438 2209 539 2288 recipit
561 2208 751 2269 hereditatem
776 2209 907 2269 actiones
922 2208 1037 2282 dentur,
1061 2208 1121 2269 acsi
1140 2208 1212 2269 iuris
1234 2216 1278 2270 est
1299 2228 1335 2269 ex

257 2293 459 2358 *Trebelliano
480 2303 601 2356 senatus
624 2296 772 2356 consulto:
801 2313 861 2372 quo
890 2313 961 2355 casu
990 2294 1078 2355 nullis
1100 2294 1335 2372 stipulationibus

255 2371 347 2462 l*opus
370 2391 426 2457 est,
456 2383 525 2458 quia
547 2382 635 2442 simul
663 2388 692 2442 et
718 2381 787 2444 huic
810 2381 860 2458 qui
887 2380 1011 2442 restituit
1038 2381 1178 2442 securitas
1200 2381 1287 2441 datur
1308 2388 1336 2442 et

258 2464 405 2531 *actiones
418 2468 611 2529 hereditariae
626 2468 653 2529 ei
672 2475 699 2528 et
714 2467 745 2527 in
760 2486 829 2528 eum
844 2466 1062 2527 transferuntur
1075 2467 1125 2543 qui
1140 2467 1239 2544 recipit
1254 2467 1335 2527 here·

256 2551 419 2629 *ditatem⁴,
442 2549 581 2631 ‘utroque
604 2560 725 2614 senatus
740 2554 877 2614 consulto
898 2552 929 2612 in
952 2553 1007 2614 hac
1025 2553 1120 2630 specie
1133 2559 1334 2614 concurrente.

254 2637 329 2704 <Sed
352 2641 421 2719 quia
442 2640 646 2718 stipulationes
667 2659 705 2700 ex
727 2646 849 2700 senatus
871 2639 1006 2699 consulto
1028 2638 1194 2717 Pegasiano
1216 2639 1368 2700 descen-7

253 2723 376 2790 <dentes
405 2734 433 2788 et
461 2727 516 2804 ipsi
545 2725 709 2802 antiquitati
730 2724 941 2802 displicuerunt
966 2731 994 2785 et
1019 2724 1196 2801 quibusdam
1220 2724 1335 2786 casibus

258 2808 419 2893 <captiosas
441 2831 491 2873 eas
505 2813 596 2872 homo
611 2811 719 2872 excelsi
732 2811 845 2889 ingenii
858 2810 1038 2888 Papinianus
1060 2811 1186 2889 appellat
1207 2817 1236 2871 et
1250 2811 1335 2871 nobis

257 2894 303 2960 ‘in
319 2900 436 2977 legibus
454 2897 551 2976 magis
566 2897 735 2975 simplicitas
749 2916 841 2973 quarn
856 2896 1010 2956 difficultas
1032 2897 1135 2974 placet,
1157 2896 1222 2958 ideo
1244 2896 1336 2956 omni·

258 2979 329 3046 <bus
349 2984 435 3045 nobis
451 2984 600 3062 suggestis
614 2991 676 3043 tam
690 2982 929 3044 simibtudinibus
944 3001 1034 3059 quam
1050 2981 1217 3043 differentiis
1231 2981 1336 3042 utrius·

260 3065 332 3148 <que
349 3077 469 3131 senatus
484 3069 610 3131 consulti
624 3069 732 3147 placuit
746 3069 867 3146 exploso
882 3074 1002 3128 senatus
1017 3069 1151 3130 consulto
1163 3067 1337 3146 Pegasiano,

258 3152 354 3235 <quod
376 3162 478 3234 postea
493 3154 669 3234 supervenit,
693 3173 813 3215 omnem
829 3153 1032 3216 auctoritatem
1048 3153 1232 3216 Trebelliano
1255 3173 1337 3214 sena-

257 3238 321 3304 ‘tus
344 3244 478 3304 consulto
500 3248 662 3320 praestare,
685 3248 718 3302 ut
739 3260 775 3303 ex
798 3259 833 3301 eo
855 3240 1142 3302 fideicommissariae
1164 3239 1337 3302 hereditates

259 3324 473 3402 ‘restituantun
496 3329 557 3389 sive
577 3328 685 3389 habeat
705 3327 792 3389 heres
814 3346 851 3387 ex
866 3327 1015 3388 voluntate
1034 3327 1179 3388 testatoris
1201 3334 1335 3404 quartam

258 3411 335 3477 ‘sive
356 3416 423 3494 plus
446 3415 506 3476 sive
527 3414 626 3475 minus
648 3414 710 3476 sive
730 3412 847 3492 penitus
869 3412 956 3488 nihil,
984 3420 1016 3474 ut
1038 3421 1121 3487 tunc,
1149 3412 1267 3490 quando
1290 3413 1336 3474 vel
1421 3457 1423 3472 .

256 3496 348 3564 ‘nihil
369 3502 416 3562 vel
437 3501 536 3562 minus
557 3507 661 3578 quarta
682 3501 761 3578 apud
775 3519 845 3561 eum
859 3506 1019 3573 remaneat,
1042 3500 1126 3562 liceat
1148 3499 1173 3559 ei
1187 3500 1232 3560 vel
1252 3517 1335 3576 quar·

257 3582 335 3648 ‘tam
358 3588 402 3648 vel
424 3588 502 3664 quod
526 3587 606 3647 deest
627 3606 663 3647 ex
685 3595 787 3648 nostra
809 3586 980 3647 auctoritate
1002 3586 1127 3646 retinere
1140 3586 1185 3646 rel
1207 3592 1336 3664 repetere

257 3668 418 3748 ‘solutum,
440 3673 525 3750 quasi
546 3692 583 3734 ex
604 3673 790 3734 Trebelliano
813 3679 934 3733 senatus
956 3673 1091 3733 consulto
1112 3678 1250 3750 prorata
1272 3690 1335 3750 por·

251 3755 353 3821 ‘tione
373 3759 537 3821 actionibus
565 3768 626 3820 tam
654 3757 683 3819 in
706 3758 845 3821 heredem
867 3778 958 3836 quam
980 3757 1011 3819 in
1033 3757 1335 3820 fideicommissarium

255 3840 516 3925 ‘competentibus
551 3845 666 3906 sivero
694 3851 787 3906 totam
813 3844 1005 3905 hereditatem
1036 3851 1140 3922 sponte
1168 3842 1333 3915 restituerit,

256 3929 376 3994 ‘omnes
398 3931 589 3994 hereditariae
611 3931 740 3992 actiones
762 3930 1032 3992 fideicommissario
1054 3937 1083 3991 et
1104 3930 1244 3991 adversus
1266 3945 1334 3988 eum

257 4015 452 4097 <competunt.
486 4018 647 4080 sedetiam
669 4017 708 4092 id,
731 4016 810 4096 quod
832 4016 1020 4095 praecipuum
1036 4015 1192 4095 Pegasiani
1214 4019 1334 4075 senatus

322 4155 333 4187 ²
350 4153 386 4221 at]
408 4155 527 4207 arreni.
543 4153 575 4219 Θ,
593 4172 624 4208 ac
637 4153 671 4219 B,
688 4162 735 4207 aut
752 4153 799 4218 Tb,
816 4153 884 4206 iuter
901 4154 957 4205 olio
975 4171 1024 4208 om.
1042 4154 1082 4205 Ta
1136 4153 1147 4184 ¹
1165 4147 1221 4218 sed]
1243 4149 1333 4214 ruat,

256 4226 302 4278 sed
320 4226 343 4277 si
359 4225 385 4275 B
455 4224 466 4255 ⁸
483 4225 519 4276 eie
537 4225 597 4277 libri
613 4241 670 4277 eum
691 4220 722 4287 Θ,
741 4223 778 4278 ad.
790 4223 936 4291 exemplum
952 4224 1001 4274 im.
1017 4222 1075 4274 Gai.

1093 4303 1126 4357 6*
