3309 4917
308 418 405 499 ,111226
553 454 557 462 ·
823 421 884 485 128
1361 443 1402 487 m:

308 594 397 655 veluti
419 592 443 654 si
466 592 560 653 Titius
583 593 619 653 de
646 593 724 653 furto
752 591 823 653 aut1
847 593 957 653 damno
985 592 1118 653 faciendo
1148 601 1199 654 aut
1229 594 1265 656 de
1293 594 1400 656 iniuria

309 678 444 740 facienda
470 678 522 739 tibi
548 679 677 740 mandet.
715 678 781 739 lieet
809 678 889 739 enim
916 697 1044 756 poenam
1071 678 1155 739 istius
1182 679 1250 740 lacti
1278 681 1401 743 nomine

308 764 496 843 praestiteris,
521 784 582 825 non
605 772 705 825 tamen
728 764 820 824 ullam
842 764 936 825 habes
951 763 1092 826 adversus
1108 764 1220 826 Titium
1243 766 1400 829 actionem.

272 857 289 910 8
373 852 402 911 Is
425 851 475 927 qui
497 851 666 927 exsequitur
681 852 856 911 mandatum
878 870 940 911 non
961 850 1048 911 debet
1064 851 1202 911 excedere
1224 852 1300 913 lines
1315 872 1399 913 mau-

309 937 377 999 dati.
412 944 445 998 ut
467 955 533 998 ecce
556 937 580 997 si
603 936 668 1014 quis
683 956 778 1014 usque
793 936 830 997 ad
851 943 971 997 centum
986 932 1121 998 <aureos>
1138 938 1321 999 mandaverit
1336 938 1399 1013 tibi,

308 1030 341 1083 ut
369 1023 494 1085 fundum
522 1042 635 1083 emeres
662 1023 707 1083 vel
733 1030 766 1083 ut
792 1042 846 1100 pro
869 1022 946 1083 Titio
975 1023 1149 1100 sponderem
1180 1043 1276 1101 neque
1306 1025 1399 1102 pluris

309 1128 408 1170 emere
436 1109 525 1169 debes
552 1128 648 1185 neque
669 1108 700 1168 in
726 1108 900 1186 ampliorem
924 1109 1079 1185 pecuniam
1102 1104 1299 1185 <fideiubere',
1331 1112 1400 1171 alio

308 1194 380 1271 quin
406 1214 468 1255 non
490 1194 613 1255 habebis
637 1213 705 1256 cum
728 1214 762 1255 eo
785 1195 918 1255 mandati
934 1195 1093 1255 actionem:
1118 1196 1192 1255 adeo
1214 1196 1343 1274 quidem,
1366 1204 1401 1262 ut

308 1280 419 1341 Sabino
443 1289 472 1341 et
487 1280 590 1341 Cassio
613 1281 762 1359 placuerit,
786 1280 876 1341 etiam
898 1282 922 1341 si
944 1282 1097 1357 usquead
1120 1288 1239 1342 centurn
1261 1277 1397 1343 <aureos>

307 1386 375 1427 cum
405 1385 440 1428 eo
467 1387 556 1445 agere
582 1369 667 1439 velis,
701 1367 842 1427 inutiliter
869 1374 897 1426 te
925 1373 1073 1429 acturum:
1103 1365 1253 1428 2diversae
1280 1370 1400 1430 scholae

307 1460 441 1514 auctores
468 1456 548 1515 recte
574 1450 623 1514 te3
647 1472 741 1529 usque
769 1453 805 1513 ad
834 1459 953 1514 centum
975 1448 1111 1513 <aureos>
1140 1460 1275 1514 acturum
1303 1455 1402 1515 existi·

308 1546 405 1600 mant:
434 1559 509 1615 quae
537 1538 682 1599 sententia
710 1557 781 1597 sane
807 1538 963 1615 benignior
989 1546 1042 1599 est.
1085 1534 1199 1616 ⁴*qu0d
1227 1539 1252 1599 si
1274 1539 1398 1601 minoris

309 1621 439 1697 *emeris
457 1625 580 1685 habebis
596 1625 703 1684 scilicet
715 1643 781 1684 cum
798 1643 833 1685 eo
849 1624 1005 1698 actionem,
1018 1620 1189 1700 <quoniam>
1202 1625 1253 1701 qui
1264 1627 1396 1700 mandat,

309 1706 356 1770 *ut
379 1711 433 1770 sibi
456 1717 576 1770 centum
599 1706 786 1771 <aureorum>
810 1710 920 1771 fundus
948 1719 1107 1785 emeretur,
1135 1712 1160 1771 is
1187 1711 1288 1787 utique
1314 1731 1398 1771 man·

308 1792 409 1856 *desse
431 1796 619 1873 intellegitur,
648 1803 681 1856 ut
707 1795 831 1857 minoris
858 1796 882 1857 si
909 1804 1009 1874 posset
1035 1793 1206 1858 emeretur.⁴

271 1890 288 1943 9
376 1876 501 1943 ⁵*Recte
530 1902 648 1960 quoque
676 1884 852 1944 mandatum
881 1878 1106 1957 <contractum',
1136 1884 1174 1957 si,
1204 1882 1276 1943 dum
1302 1882 1400 1943 adhuc

254 1974 288 2029 10
310 1966 440 2045 *integra
463 1988 510 2030 res
533 1969 579 2043 sit,
607 1976 777 2029 revocatum
805 1969 905 2042 fuerit,
933 1970 1088 2031 evanescit.
1137 1970 1226 2029 ⁵ltem
1250 1969 1275 2029 si
1302 1970 1399 2029 adbuc

309 2051 439 2131 *integro
461 2056 602 2116 mandato
624 2073 706 2115 mors
728 2053 919 2116 alterutrius⁰
940 2054 1122 2128 interveniat,
1150 2054 1179 2113 id
1201 2062 1245 2115 est
1267 2056 1312 2115 vel
1334 2055 1397 2115 eius

309 2136 374 2217 *qui
397 2141 593 2213 mandaverit,
624 2142 669 2200 vel
692 2140 774 2200 eiusl
798 2142 849 2217 qui
877 2141 1052 2199 mandatum
1075 2140 1247 2215 susceperit,
1276 2140 1398 2200 solvitur

309 2222 508 2285 *mandatum
544 2226 595 2285 sed
616 2226 748 2285 utilitatis
771 2244 862 2286 causa
883 2232 1032 2300 receptum
1055 2232 1113 2296 est,
1142 2222 1187 2283 si8
1209 2231 1327 2284 mortuo
1350 2243 1395 2297 eo,

308 2308 374 2387 *qui
400 2312 451 2371 tibi
481 2310 678 2383 mandaverit,
713 2316 745 2370 tu
775 2311 917 2387 ignorans
952 2328 1019 2369 eum
1054 2308 1214 2369 decessisse
1242 2316 1397 2369 exsecutus

308 2394 420 2456 *fueras
449 2397 638 2470 mandatum,
668 2414 755 2473 posse
786 2402 815 2456 te
841 2414 930 2472 agere
955 2394 1088 2455 mandati
1110 2393 1237 2455 actione:
1265 2396 1396 2471 alioquin

308 2479 399 2543 *iusta
429 2489 457 2543 et
485 2482 643 2559 probabilis
672 2482 841 2559 ignorantia
870 2482 1015 2541 damnum
1042 2480 1094 2541 tibi
1121 2481 1231 2542 afferat.
1271 2488 1301 2542 et
1327 2481 1397 2542 huic

308 2565 417 2629 *simile
439 2576 496 2643 est,
521 2570 599 2645 quod
622 2569 745 2645 placuit,
773 2568 797 2628 si
820 2567 965 2627 debitores
988 2566 1172 2627 manumisso
1195 2566 1397 2644 dispensatore

307 2651 391 2714 *Titii
413 2675 464 2731 per
487 2655 686 2732 ignorantiam
708 2656 813 2715 liberto
837 2654 984 2727 solverint,
1008 2652 1124 2713 liberari
1147 2671 1212 2714 eos:
1236 2673 1305 2713 cum
1327 2653 1396 2714 alio·

307 2736 394 2816 *quin
418 2740 516 2800 stricta
538 2741 608 2800 iuris
630 2739 745 2801 ratione
766 2760 829 2801 non
844 2747 966 2817 possent
987 2739 1112 2812 liberari,
1135 2738 1205 2816 quia
1226 2738 1275 2799 alii
1296 2739 1397 2800 solvis·

253 2830 285 2883 11
307 2822 402 2898 *sent,
431 2845 521 2903 quam
549 2827 594 2886 cui
618 2826 730 2888 solvere
752 2822 917 2887 deberent*
962 2826 1136 2885 Mandatum
1163 2844 1225 2885 non
1247 2825 1396 2902 suscipere

305 2913 430 2972 liberum
453 2916 514 2973 est:¹
540 2919 710 2989 susceptum
733 2920 833 2973 autent
856 2912 1127 2972 consummandum
1149 2918 1200 2971 aut
1222 2932 1312 2988 quam
1339 2911 1396 2990 pri-

304 3016 389 3057 mum
411 2998 642 3059 renuntiandum
663 3006 717 3072 est,
740 3005 773 3059 ut
788 3004 840 3058 aut
858 3017 910 3074 per
930 3004 1024 3058 semet
1045 2998 1142 3075 ipsum
1166 3004 1217 3058 aut
1239 3018 1291 3075 per
1305 2998 1396 3058 alium

306 3083 432 3144 eandem
454 3104 517 3144 rem
541 3085 697 3144 mandator
725 3091 912 3161 exsequatur.
950 3103 1021 3143 nam
1049 3083 1106 3143 nisi
1132 3083 1173 3142 ita
1200 3084 1394 3155 renuntiatur,

305 3176 337 3230 ut
359 3169 473 3246 integra
495 3189 585 3231 causa
607 3171 776 3231 mandatori
798 3178 961 3230 reservetur
983 3170 1108 3230 eandem
1134 3188 1199 3229 rem
1221 3167 1393 3247 explicandi,

305 3255 398 3315 nihilo
421 3255 520 3316 minus
543 3255 676 3317 mandati
699 3257 774 3319 actio
800 3258 900 3317 locum
928 3256 1031 3329 habet,
1058 3254 1116 3315 nisi
1138 3252 1184 3314 si⁰
1205 3254 1283 3314 iusta
1305 3270 1394 3313 causa

305 3341 468 3402 intercessit
490 3349 542 3402 aut
563 3362 625 3402 nou
644 3341 834 3403 renuntiandi
856 3348 907 3401 aut
928 3340 1130 3419 intempestive
1152 3337 1348 3400 renuntiandi.
1436 3375 1438 3381 ,

253 3430 286 3485 12
369 3428 543 3487 Mandatum
565 3427 646 3488 etin
669 3427 747 3489 diem
763 3428 871 3488 differri
894 3434 923 3487 et
938 3428 993 3488 sub
1009 3426 1180 3487 condicione
1201 3424 1264 3484 fieri
1286 3427 1392 3499 potest.

253 3517 286 3571 13
305 3513 337 3573 ln
361 3532 480 3573 summa
503 3514 654 3574 sciendum
670 3522 715 3575 est
729 3514 914 3585 mandatum,
938 3513 995 3573 nisi
1010 3512 1172 3590 gratuitum
1188 3509 1234 3581 sit,
1258 3508 1288 3568 in
1304 3508 1393 3571 aliam

304 3598 431 3658 formam
455 3599 565 3677 negotii
588 3599 704 3661 cadere:
733 3618 806 3659 nam
827 3599 963 3660 mercede
985 3597 1143 3658 constituta
1164 3594 1265 3671 incipit
1286 3594 1395 3655 locatio

305 3691 333 3744 et
357 3683 511 3745 conductio
534 3705 598 3747 esse
621 3694 649 3746 et
670 3693 703 3747 ut
733 3686 909 3763 generaliter
938 3683 1111 3744 dixerimus:
1140 3680 1248 3758 quibus
1276 3680 1395 3741 casibus

305 3769 369 3830 sine
391 3772 525 3831 mercede
548 3779 684 3850 suscepto
707 3772 802 3833 officio
832 3770 964 3831 mandati
990 3776 1042 3829 aut
1068 3766 1191 3845 depositi
1212 3766 1397 3827 contrabitur

376 3919 459 3989 ¹aut]
484 3923 539 3987 Bc,
566 3932 611 3976 aut
633 3926 664 3977 de
688 3924 713 3974 Τ
789 3924 853 3976 lec
877 3924 936 3977 cat.
957 3920 1009 3975 Η
1030 3940 1082 3974 rer.
1101 3930 1158 3974 cott.
1180 3918 1251 3989 (θὶς.
1271 3919 1312 3984 17,
1327 3920 1351 3985 1,
1365 3916 1396 3987 4)

307 3989 370 4057 ³te]
391 4000 416 4043 et
433 3992 466 4055 B,
486 4018 511 4045 η
526 3992 554 4056 Τ,
569 4000 603 4045 te
616 4002 678 4057 poet
695 4010 788 4045 aureos
812 3991 963 4045 collocato
1034 3992 1124 4043 ⁴005.
1136 3989 1222 4054 3,161
1298 3988 1394 4041 ‘Gai

304 4057 460 4129 3,159‚160
536 4062 547 4093 ⁰
565 4062 601 4113 sic
624 4062 651 4123 T,
675 4063 783 4115 alterius
800 4061 876 4127 Bou,
899 4063 1005 4113 alterius
1022 4061 1107 4113 utrius
1125 4060 1157 4127 P,
1181 4060 1332 4113 alterutrius
1349 4059 1395 4109 ali-

304 4130 459 4182 euiuseat.
522 4132 620 4184 *iuius
642 4130 667 4181 x
716 4129 777 4198 8εἰ]
796 4132 874 4197 uua,
892 4139 923 4183 ut
940 4132 963 4182 n
985 4130 1048 4181 uro
1065 4130 1125 4183 eat.
1183 4125 1243 4195 ⁸si]
1261 4128 1294 4191 B,
1312 4128 1348 4179 ita
1372 4124 1398 4176 r
