3309 4917
278 442 424 498 corano.
437 443 693 492 c.·uauou1rrcar
717 429 926 523 ..¹2-
1272 481 1277 486 ,
1315 421 1368 488 1,,6

278 604 403 674 egentes
425 596 576 670 homines,
605 597 713 675 quibus
735 600 809 659 alius
832 599 917 659 heres
940 603 1091 658 extaturus
1113 615 1174 660 non
1198 602 1290 670 esset,
1321 597 1367 658 vel

278 702 395 744 servum
425 701 514 743 suum
538 683 735 745 necessarium
760 685 899 746 heredem
921 683 1063 756 habeant,
1092 682 1142 760 qui
1164 682 1367 750 satisfacturus

279 776 358 831 esset
380 769 580 844 creditoribus,
604 777 655 830 aut
676 771 734 831 hoc
756 790 792 831 ec
816 791 878 832 non
893 771 1017 830 faciente
1039 768 1195 829 creditores
1217 787 1264 830 res
1286 768 1366 830 here·

279 855 397 916 ditarias
423 855 499 916 servi
526 855 649 917 nomine
670 857 813 931 vendant,
844 875 882 917 ne
909 855 1015 917 iniuria
1036 855 1192 916 defunctus
1214 855 1366 916 afliciatur.

279 936 433 1019 <idemque
462 940 534 1002 iuris
565 949 609 1002 est
638 949 667 1002 et
697 942 722 1002 si
744 942 808 1003 sine
828 942 962 1004 libertate
983 961 1085 1002 servus
1108 941 1194 1002 heres
1216 940 1403 1002 institutus?

279 1023 348 1090 ‘est
387 1027 466 1104 quod
488 1034 591 1089 nostra
613 1028 804 1089 constitutiol
826 1047 888 1088 non
911 1029 1008 1090 solum
1030 1025 1060 1088 in
1084 1027 1214 1104 domino,
1238 1026 1289 1104 qui
1312 1028 1367 1087 sol·

278 1109 388 1175 <vendo
421 1133 482 1174 non
513 1120 570 1188 est,
605 1114 657 1174 sed
688 1114 864 1192 generaliter
895 1113 1045 1176 constituit
1073 1132 1150 1175 nora
1175 1112 1368 1175 humanitatis

278 1195 416 1273 ‘ratione
440 1206 473 1260 nt
495 1220 530 1261 ex
553 1199 618 1277 ipsa
633 1201 777 1278 scriptura
791 1200 983 1261 institutionis
1003 1199 1091 1260 uum
1106 1199 1224 1261 libertas
1247 1199 1274 1260 ei
1289 1218 1367 1260 com-

278 1281 391 1364 <petere
413 1286 558 1360 videatur,
587 1305 656 1347 cum
678 1305 740 1348 non
763 1294 808 1347 est
828 1285 985 1347 verisimile
1006 1305 1089 1358 eum,
1118 1305 1206 1362 quem
1228 1285 1367 1346 heredem

278 1369 349 1432 <sibi
372 1373 469 1450 elegit,
494 1373 519 1432 si
542 1372 769 1449 praetermiserit
790 1371 931 1433 libertatis
950 1371 1108 1444 dationem,
1133 1391 1251 1432 servum
1273 1389 1366 1432 rema·

278 1455 364 1520 <nere
387 1458 515 1520 voluisse
541 1465 571 1520 et
597 1458 748 1520 neminem
776 1458 832 1520 sibi
858 1458 997 1520 heredem
1024 1452 1112 1519 fore.>
1160 1454 1212 1518 2Ιιι
1234 1456 1403 1517 fraudem3

279 1552 379 1606 autem
401 1546 578 1606 creditorum
600 1545 809 1606 manumittere
822 1544 944 1618 videtur,
968 1543 1017 1622 qui
1033 1543 1078 1604 vel
1100 1542 1160 1604 iam
1183 1561 1217 1604 eo
1236 1548 1368 1620 tempore

279 1651 338 1708 quo
371 1631 553 1692 manumittit
586 1631 726 1692 solvendo
754 1649 815 1692 non
843 1638 901 1711 est,
935 1631 981 1692 vel
1008 1630 1059 1707 qui
1087 1629 1161 1690 datis
1186 1627 1368 1689 libertatibus

279 1717 426 1778 desiturus
454 1725 500 1778 est
528 1717 669 1778 solvendo
696 1737 771 1779 esse.
810 1717 1008 1796 praevaluisse
1035 1722 1136 1776 tamen
1159 1715 1284 1789 ridetur,
1311 1714 1369 1774 nisi

280 1804 415 1864 animum
445 1823 564 1881 quoque
592 1803 747 1864 fraudandi
768 1803 970 1864 manumissor
992 1802 1109 1876 habuit,
1143 1819 1204 1862 non
1236 1800 1369 1878 impediri

278 1889 454 1962 libertatem,
478 1888 613 1966 quamvis
629 1889 708 1949 bona
731 1890 794 1949 eius
809 1889 999 1950 creditoribus
1020 1907 1082 1948 non
1098 1888 1258 1948 sufficiant:
1281 1905 1370 1965 saepe

280 1975 361 2034 enim
394 1974 430 2034 de
458 1973 646 2034 facultatibus
681 1974 742 2034 suis
768 1975 896 2052 amplius
923 1994 1013 2052 quam
1042 1974 1072 2034 in
1100 1973 1147 2034 his
1179 1980 1224 2034 est
1250 1979 1370 2050 sperant

281 2059 428 2122 homines.
463 2061 561 2137 itaque
595 2066 665 2120 tunc
695 2059 894 2138 intellegimus
927 2059 1060 2138 impediri
1087 2060 1265 2132 libertatem,
1299 2077 1369 2118 cum

279 2153 406 2223 utroque
434 2147 523 2207 modo
546 2147 720 2207 fraudantur
742 2147 911 2222 creditores,
940 2146 969 2207 id
996 2154 1039 2207 est
1066 2153 1095 2208 et
1117 2145 1238 2206 consilio
1266 2163 1369 2204 manu·

279 2231 422 2294 mittentis
445 2241 473 2294 et
496 2233 560 2311 ipsa
588 2252 632 2308 re,
662 2253 697 2294 eo
719 2234 799 2313 quod
821 2236 901 2295 bona
924 2252 986 2294 non
1009 2233 1167 2293 suffectura
1190 2238 1259 2292 sunt
1281 2231 1368 2292 credi-

279 2319 400 2380 toribus.

347 2401 493 2471 ³*Eaedem
510 2405 577 2483 lege
591 2403 675 2465 Aelia
690 2404 792 2465 Sentia
806 2403 927 2464 domino
949 2402 1057 2464 minori
1080 2401 1166 2463 annis
1182 2401 1285 2480 viginti
1306 2422 1367 2463 non
1385 2408 1404 2463 4

282 2488 380 2552 *aliter
406 2491 615 2551 manumittere
640 2490 828 2569 permittitur,
864 2508 955 2567 quam
989 2489 1013 2550 si
1042 2489 1168 2550 vindicta
1194 2488 1273 2565 apud
1302 2507 1368 2550 con·

282 2574 395 2638 *silium
413 2577 488 2637 iusta
503 2595 593 2637 causa
609 2577 852 2637 manumissionis
869 2576 1029 2654 adprobata
1038 2575 1146 2636 fuerint
1161 2573 1338 2635 manumissi
1345 2575 1367 2636 ⁴.

282 2660 414 2724 *⁵lustae
429 2669 529 2724 autem
544 2662 786 2724 manumissionis
802 2682 909 2724 causae
924 2669 1003 2737 sunt,
1027 2661 1115 2722 veluti
1133 2660 1157 2720 si
1173 2660 1238 2738 quis
1254 2667 1368 2738 patrem
1387 2667 1403 2722 5

283 2745 348 2810 *aut
362 2756 488 2810 matrem
511 2756 562 2809 aut
576 2749 670 2810 filium
686 2749 811 2809 filiamve
834 2755 885 2810 aut
899 2748 1017 2809 fratrem
1037 2765 1204 2808 sororemve
1219 2748 1368 2807 naturales

283 2832 348 2895 *aut
360 2836 567 2912 paedagogum
583 2835 726 2896 nutricem
744 2835 931 2895 educatorem
947 2841 998 2895 aut
1009 2835 1163 2893 alumnum
1180 2832 1370 2891 alumnamve

284 2917 349 2987 'aut
372 2921 588 2980 collactaneum
605 2920 805 2992 manumittat,
829 2927 880 2980 aut
896 2938 1012 2980 servum
1028 2916 1225 2995 procuratoris
1240 2917 1370 2977 habendi

284 3001 403 3082 *gratia
427 3012 478 3064 aut
500 3003 637 3065 ancillam
660 3004 840 3066 matrimonii
863 3000 977 3077 causa⁴,
1002 3003 1073 3064 dum
1095 3008 1196 3065 tamen
1218 3001 1295 3062 intra
1317 3021 1368 3062 sex

280 3110 400 3152 menses
422 3109 498 3152 uxor
514 3090 646 3164 ducatur,
671 3089 728 3150 nisi
750 3089 827 3150 iusta
850 3109 939 3151 causa
958 3087 1127 3166 impediat⁶‚
1151 3087 1243 3166 etqui
1265 3107 1369 3148 manu·

282 3177 406 3239 mittitur
420 3175 617 3254 procuratoris
633 3175 762 3236 habendi
777 3177 875 3254 gratia
897 3196 935 3237 ne
956 3175 1054 3236 minor
1069 3182 1180 3254 septem
1203 3180 1233 3236 et
1247 3173 1369 3238 dccem⁷

281 3265 369 3325 annis
391 3263 627 3324 manumittatur.
666 3261 767 3323 Semel
789 3271 888 3324 autem
911 3281 1000 3324 causa
1023 3263 1193 3340 adprobata,
1217 3261 1278 3322 sive
1300 3281 1369 3322 vera
1388 3269 1405 3324 6

280 3350 341 3411 sive
363 3351 437 3410 falsa
461 3350 508 3424 sit,
532 3369 593 3409 non
615 3355 798 3413 retractatur.
1118 3361 1119 3368 ’

349 3432 459 3496 8Ὂιιιιι
483 3434 575 3512 ergo⁹
590 3443 687 3497 certus
709 3436 816 3497 modus
838 3433 1065 3496 manumittendi
1088 3432 1252 3494 minoribus
1267 3433 1366 3510 viginti
1386 3441 1403 3494 t

283 3518 383 3583 *annis
416 3522 543 3583 dominis
578 3541 631 3600 per
663 3523 760 3601 legem
794 3520 909 3582 Aeliam
944 3521 1076 3582 Sentium
1109 3520 1284 3582 constitutus
1322 3518 1367 3594 sit,

283 3604 458 3681 *eveniebat
482 3616 523 3683 ut,
547 3609 598 3685 qui
613 3607 847 3685 quattuordecim
870 3626 966 3668 annos
989 3606 1091 3667 aetatis
1114 3607 1280 3688 expleverit,
1303 3606 1370 3667 licet

282 3697 505 3755 ‘testamentum
534 3695 630 3756 facere
657 3695 749 3774 possit
782 3701 811 3756 et
842 3693 872 3754 in
904 3712 940 3754 eo
966 3693 1104 3755 heredem
1136 3693 1191 3753 sibi
1218 3693 1392 3754 instituere.

351 3833 360 3863 ²
381 3832 443 3884 Ood.
461 3828 564 3897 6‚27‚5
634 3830 708 3892 ²53
726 3833 754 3882 in
776 3847 808 3883 ea
828 3831 886 3883 Gai.
910 3831 927 3882 l.
948 3827 961 3881 1
984 3847 1036 3882 rer.
1062 3837 1118 3880 cott.
1141 3827 1212 3895 (Diy.
1229 3826 1271 3890 40,
1285 3826 1310 3892 9,
1324 3825 1368 3892 10)

281 3901 292 3932 ⁸
310 3901 370 3952 (iai.
386 3898 506 3966 1,38.19
576 3901 588 3932 ⁴
605 3902 702 3952 ineunt
712 3897 875 3967 manumissi]
888 3900 924 3951 sic
935 3899 1003 3964 dett,
1020 3900 1098 3952 luerit
1110 3915 1178 3950 man.
1190 3897 1274 3962 BPE,
1291 3898 1370 3948 fuerit

280 3968 339 4034 (om.
357 3970 520 4035 manumissi)
539 3969 612 4022 oat.=
633 3971 718 4037 fuitne
736 3986 813 4036 quam
831 3970 959 4034 vindicta,
979 3971 1000 4020 si
1018 3985 1060 4036 ap.
1078 3983 1148 4019 cons.
1166 3968 1183 4018 i.
1202 3982 1225 4018 c.
1243 3983 1276 4016 m.
1296 3967 1367 4032 adpr.

278 4039 376 4091 fueriti
394 4037 533 4106 (Savipnp)
604 4040 616 4070 ⁸
636 4039 677 4106 ίΥ.
697 4040 756 4093 Gai.
777 4039 799 4105 1,
811 4035 854 4091 39.
871 4035 905 4089 19
977 4037 987 4068 ⁸
1005 4039 1041 4090 aie
1059 4033 1148 4100 Pus,
1171 4035 1326 4100 impediatur
1343 4034 1371 4086 B

281 4109 292 4139 ⁷
310 4108 347 4160 sic
365 4109 427 4160 libri
441 4126 498 4159 curn
517 4105 550 4172 Θ,
567 4109 654 4159 decem
672 4115 697 4160 et
715 4117 772 4160 octo
789 4107 850 4174 Dip.
868 4104 945 4171 40,2,
957 4103 989 4158 13
1060 4107 1071 4137 ⁸
1092 4106 1150 4157 Gai.
1164 4102 1187 4170 1,
1198 4101 1232 4157 40
1303 4103 1369 4156 ⁸cic

280 4176 333 4228 PE
348 4178 416 4242 cat,
434 4186 522 4230 antem
540 4177 565 4228 B
