3309 4917
312 418 349 484 Π,
361 417 447 473 2122
837 419 877 481 80
942 437 980 480 nu
997 433 1396 479 cornuumaurrnausn.

312 590 410 669 ‘lego',
434 587 511 652 <sive
533 610 594 651 non
617 589 784 664 contrariis,
811 590 841 650 id
864 596 909 650 est
930 588 994 650 aliis
1016 588 1251 666 quibuscumque
1274 583 1396 649 verbis’.

279 687 293 740 1
313 677 480 739 Transferri
501 695 620 755 quoque
640 678 773 754 legatum
795 678 833 737 ab
856 675 913 737 alio
936 675 973 736 ad
1000 676 1091 735 alium
1119 681 1228 753 potest,
1256 675 1344 736 veluti
1373 674 1398 734 si

312 765 378 842 quis
400 764 441 824 ita
467 763 586 825 dixerit:
612 762 776 824 ‘hominem
798 761 946 836 Stichum,
973 781 1063 838 quem
1085 760 1162 821 Titio
1189 761 1299 838 legavi,
1331 760 1397 820 Seio

313 851 350 911 do
372 846 461 927 lego',
492 849 605 910 sivein
627 849 731 910 eodem
754 856 930 910 testamento
953 847 1013 908 sive
1036 848 1066 907 in
1089 846 1226 907 codicillis
1248 847 1306 907 hoc
1326 846 1398 907 lece·

312 937 363 998 rit:
387 955 446 1014 quo
469 955 539 998 casu
563 936 652 996 simul
676 934 752 995 Titio
775 934 866 994 adimi
887 933 1000 996 videtur
1022 940 1050 994 et
1073 932 1139 994 Seio
1161 932 1233 993 dari.

806 1141 886 1200 XXII
896 1139 908 1178 ²

677 1247 725 1302 DE
743 1247 836 1302 Lucu
854 1247 1033 1303 FALCIDIA.

378 1367 531 1443 Superest,
558 1371 591 1424 ut
612 1364 648 1425 de
669 1365 737 1442 lege
759 1364 887 1425 Falcidia
908 1363 1110 1441 dispiciamuS,
1134 1382 1193 1440 qua
1216 1362 1323 1422 modus
1346 1380 1397 1422 no·

312 1452 431 1513 vissime
453 1450 557 1527 legatis
578 1449 734 1528 impositus
756 1457 809 1511 est
854 1449 1024 1511 cumcuim
1049 1449 1119 1510 olim
1146 1450 1214 1526 lege
1242 1448 1397 1509 duodecim

312 1539 482 1599 tabularum
510 1537 601 1596 libera
627 1541 690 1596 erat
716 1536 836 1613 legandi
864 1543 1007 1613 potestas,
1037 1542 1070 1596 ut
1099 1535 1196 1596 liceret
1223 1536 1268 1595 vel
1301 1542 1398 1595 tolum

312 1623 523 1702 patrimonium
545 1621 647 1698 legatis
668 1641 791 1699 erogare
813 1622 933 1700 (quippe
955 1642 990 1682 ea
1012 1623 1078 1699 lege
1098 1622 1138 1681 ita
1160 1630 1280 1682 cautum
1301 1627 1397 1682 esset:

312 1707 366 1770 ‘uti
387 1708 508 1786 legassit
530 1726 601 1767 suae
627 1707 682 1781 rei,
710 1707 750 1767 ita
776 1707 822 1768 ius
849 1705 951 1784 esto'):
981 1707 1077 1768 visum
1105 1714 1149 1769 est
1174 1707 1252 1768 hanc
1279 1706 1401 1785 legendi

312 1795 460 1856 licentiam
482 1800 626 1866 coartare,
656 1793 743 1871 idque
771 1793 903 1871 ipsorum
925 1801 1098 1855 testatorum
1121 1793 1216 1871 gratia
1246 1793 1400 1870 provisum

313 1888 359 1942 est
381 1882 419 1941 ob
441 1880 480 1954 id,
498 1880 584 1958 ‘quod
606 1880 780 1957 plerumque
794 1877 945 1941 intestati²
960 1880 1171 1953 moriebantur,
1194 1879 1400 1940 recusantibus

314 1966 428 2044 scriptis
450 1967 607 2027 heredibus
629 1986 682 2044 pro
704 1967 786 2027 nullo
809 1973 861 2027 aut
880 1967 1004 2028 minimo
1020 1968 1102 2027 lucro
1118 1966 1294 2026 hereditates
1310 1965 1399 2027 adire.

313 2060 342 2114 et
364 2071 432 2114 cum
454 2071 543 2130 super
564 2051 621 2113 h'oc
642 2059 703 2113 tam
725 2054 773 2114 lex
795 2052 883 2113 Furia
905 2072 995 2131 quam
1017 2054 1064 2113 lex
1081 2051 1211 2113 Voconia
1228 2053 1304 2112 latae
1320 2058 1399 2126 sunt,

313 2158 439 2216 quarum
468 2145 572 2198 neutra
600 2138 747 2198 sufficiens
777 2139 815 2198 ad
845 2139 886 2199 rei
916 2138 1208 2199 consummationem
1236 2137 1400 2198 ridebatur:

314 2224 474 2285 novissime
494 2225 555 2284 lata
580 2231 625 2284 est
651 2225 699 2283 lex
721 2224 861 2298 Falcidia,
891 2243 950 2300 qua
977 2230 1110 2296 cavetur,
1141 2242 1180 2282 ne
1206 2223 1273 2300 plus
1301 2224 1401 2300 legare

313 2310 407 2383 liceat,
430 2329 521 2386 quam
536 2310 711 2370 dodrantem
725 2316 855 2370 totorum
872 2311 1029 2383 bonorum,
1054 2309 1084 2369 id
1106 2315 1151 2368 est
1174 2316 1215 2382 ut,
1240 2308 1300 2370 sive
1322 2327 1400 2369 unus

315 2397 401 2458 heres
422 2395 674 2457 institutusesset
695 2395 755 2456 sire
777 2397 885 2473 plures,
910 2396 988 2474 apud
1013 2415 1082 2456 eurn
1105 2414 1191 2455 eosve
1213 2413 1281 2472 pars
1296 2402 1402 2472 quarta

281 2491 297 2543 1
315 2489 490 2544 remaneret.
523 2482 560 2542 ut
574 2500 643 2542 cum
658 2481 825 2558 quaesitum
840 2487 926 2555 esset,
948 2482 1064 2542 duobus
1080 2481 1236 2542 heredibus
1251 2481 1400 2556 institutis,

315 2568 403 2629 veluti
425 2568 502 2628 Titio
524 2575 554 2628 et
576 2567 652 2640 Seio,
676 2568 702 2628 si
716 2567 785 2628 Titii
808 2587 878 2646 pars
901 2575 952 2629 aut
975 2574 1038 2628 tota
1060 2568 1205 2628 exhausta
1226 2566 1264 2626 sit
1286 2567 1400 2644 legatis,

316 2674 392 2732 quae
413 2653 589 2715 nominatim
611 2655 649 2713 ab
672 2673 707 2714 eo
730 2654 798 2714 data
820 2661 903 2728 sunt,
933 2660 984 2714 aut
1006 2673 1095 2731 supra
1117 2653 1240 2713 modum
1267 2659 1397 2728 onerata,

316 2759 335 2801 a
357 2739 423 2800 Seio
446 2760 515 2801 rero
537 2746 588 2799 aut
609 2740 691 2800 nulla
713 2739 812 2800 relicta
835 2740 893 2800 sint
915 2741 1021 2818 legata,
1043 2746 1095 2800 aut
1116 2759 1193 2817 quae
1208 2745 1321 2816 partem
1337 2739 1400 2800 eius

316 2827 471 2887 dumtaxat
492 2826 524 2886 in
545 2833 659 2903 partem
681 2825 833 2886 dimidiam
854 2827 1005 2900 minuunt,
1035 2846 1088 2900 an,
1118 2825 1187 2903 quia
1208 2825 1234 2886 is
1261 2833 1402 2903 quartam

315 2919 431 2990 partem
463 2912 552 2973 totius
580 2911 747 2973 hereditatis
775 2920 827 2973 aut
855 2912 981 2990 amplius
1011 2911 1116 2986 habet,
1146 2910 1223 2972 Titio
1256 2911 1331 2972 nihil
1365 2931 1402 2973 ex

315 2999 429 3076 legatis,
452 3018 529 3076 quae
550 2999 588 3058 ab
610 3018 646 3059 eo
660 2998 759 3058 relicta
774 3005 853 3072 sunt,
876 2998 1000 3060 retinere
1014 2997 1127 3059 liceret:
1150 2998 1259 3075 placuit
1273 2999 1399 3060 relinere

315 3084 411 3159 licere,
434 3091 468 3144 ut
489 3091 625 3160 quartam
646 3092 760 3162 partern
783 3103 855 3145 suae
874 3085 964 3163 partis
980 3085 1092 3145 salsam
1106 3083 1246 3146 habeat³z
1272 3083 1401 3146 4etenim

282 3171 348 3231 bin
371 3169 496 3247 singulis
518 3170 675 3231 heredibus
697 3170 770 3231 ratio
793 3171 867 3248 legis
883 3171 1027 3232 Falcidiae
1041 3171 1178 3248 ponenda
1193 3177 1246 3233 est.
1284 3169 1403 3242 ⁵Quan·

317 3256 385 3316 titas
406 3263 506 3316 autern
528 3255 705 3333 patrimonii,
729 3256 766 3317 ad
788 3275 879 3332 quam
900 3257 974 3318 ratio
997 3258 1070 3334 legis
1086 3256 1231 3317 Falcidiae
1248 3255 1398 3332 redigitur,

317 3341 421 3402 mortis
443 3349 575 3418 tempore
597 3349 753 3418 spectatur.
788 3343 887 3418 itaque
909 3343 933 3403 si
953 3345 1033 3404 verbi
1048 3342 1143 3421 gratia
1157 3343 1191 3414 is,
1215 3341 1266 3417 qui
1281 3347 1400 3401 centurn

317 3422 506 3488 <aureorum>
535 3427 744 3504 patrimonium
772 3428 912 3502 habebat,
941 3436 1061 3489 centurn
1087 3422 1221 3488 <aureos>
1250 3426 1399 3503 legaverit,

317 3513 392 3574 nihil
413 3513 561 3591 legatariis
583 3514 710 3590 prodest,
742 3514 767 3574 si
789 3522 858 3574 ante
881 3514 991 3575 aditam
1013 3513 1203 3575 hereditatem
1226 3531 1277 3589 per
1299 3531 1402 3572 servos

317 3599 509 3659 hereditarios
531 3606 582 3660 aut
603 3619 640 3660 ex
662 3606 747 3676 partu
770 3601 945 3661 ancillarum
967 3598 1208 3661 hereditariarum
1224 3604 1275 3658 aut
1290 3617 1327 3659 ex
1341 3598 1403 3660 fetu
1436 3645 1437 3650 1

318 3703 458 3763 pecorum
481 3691 596 3745 tantum
619 3685 772 3746 accesserit
793 3686 953 3760 hereditati,
978 3693 1010 3746 ut
1032 3692 1151 3746 centurn
1173 3679 1299 3743 <aureis>
1312 3685 1401 3760 ,lega-

318 3779 418 3832 torum
440 3771 561 3832 nomine
582 3771 709 3847 erogatis
731 3772 816 3833 heres
838 3779 973 3849 quartam
996 3779 1109 3850 partem
1131 3770 1299 3831 hereditatis
1319 3769 1401 3830 habi·

394 3925 403 3956 ¹
423 3922 465 3991 Of.
479 3924 539 3976 cat.
553 3922 655 3990 2224.
668 3965 673 3976 .
684 3922 735 3977 228
753 3925 814 3992 Diq.
826 3923 896 3988 35,2
915 3925 977 3978 cod.
990 3924 1014 3991 6,
1025 3921 1059 3976 50
1128 3924 1192 3976 'cic
1210 3919 1269 3989 ΕΘ,
1287 3925 1407 3976 intestato

321 3993 374 4045 BP
434 3993 446 4024 ⁸
462 3994 564 4060 placuit
575 4000 622 4046 ret.
632 3995 674 4045 lic.
684 4001 714 4045 ut
723 4033 730 4045 .
739 4033 759 4045 ..
770 3993 875 4061 babeat]
888 3995 991 4060 conpei:
1009 3995 1075 4061 plac.
1085 4000 1131 4045 ret.
1143 3994 1184 4045 lio.
1198 4011 1246 4045 om.
1259 3993 1292 4057 B,
1310 3994 1407 4060 placuit

321 4063 505 4115 ut...babeat
525 4071 552 4114 et
573 4063 609 4130 pl.
628 4080 702 4129 possa
724 4070 770 4115 ret.
789 4063 861 4116 OPE
933 4062 1006 4124 *sl
1027 4065 1074 4128 fin.
1092 4064 1182 4116 similia
1204 4063 1264 4129 Diu.
1277 4060 1319 4128 35,
1334 4062 1359 4129 2,
1372 4061 1406 4113 77

322 4133 334 4163 ⁸
352 4130 394 4193 §2
412 4133 502 4184 cimilia
520 4132 581 4199 Diq.
594 4130 636 4196 35,
647 4130 671 4198 2,
682 4129 716 4184 73
728 4149 772 4198 pr.
786 4129 857 4199 (Gai.
871 4133 888 4185 l.
902 4130 935 4184 18
954 4133 990 4184 nd
1007 4133 1046 4184 ed.
1055 4131 1142 4199 prou)
