3309 4917
257 436 296 480 nn
314 434 432 480 orrroro
448 432 556 478 nimus
762 413 836 476 ,169
1203 411 1250 476 Ν,
1264 393 1305 467 ic.
1317 411 1349 467 17

261 587 264 591 ’
295 596 298 602 ’
323 588 466 649 Omnium
488 593 586 647 autem
609 585 760 646 actionum
782 584 1029 646 instituendarum
1051 586 1227 663 principium
1252 586 1291 645 ab
1314 605 1348 646 ea
1367 589 1384 644 3

258 681 342 755 parte
364 674 450 735 edicti
464 672 664 751 proficiscitur,
689 691 747 749 qua
769 679 887 749 praetor
908 671 993 732 edicit
1016 670 1052 732 de
1077 672 1108 731 in
1131 672 1176 733 ius
1199 670 1347 734 vocando:

258 760 359 837 utique
381 761 461 822 enim
483 759 514 819 in
537 758 638 837 primis
661 757 845 819 adversarius
874 758 903 817 in
927 758 973 819 ius
995 759 1145 819 vocandus
1167 765 1225 833 est,
1254 759 1283 819 id
1305 766 1350 819 est

258 848 387 908 adeum
409 845 558 907 vocandus
582 852 639 919 est,
663 844 714 921 qui
735 844 781 904 ius
803 844 933 905 dicturus
956 845 1003 905 sit.
1048 863 1106 922 qua
1128 851 1211 923 parte
1233 850 1350 923 praetor

257 930 429 1012 parentibus
450 938 480 993 et
494 930 636 1011 patronis,
659 931 729 991 item
744 928 843 991 liberis
857 930 1089 1009 parentibusque
1105 939 1298 1008 patronorum
1321 936 1350 991 et

259 1025 453 1097 patronarum
475 1019 555 1079 huno
578 1023 707 1095 praestat
721 1017 876 1089 honorem,
900 1023 933 1077 ut
955 1035 1016 1077 non
1040 1017 1123 1078 aliter
1144 1018 1228 1078 liceat
1250 1016 1349 1078 liberis

258 1104 426 1183 libertisque
454 1123 504 1165 eos
533 1104 564 1163 in
592 1104 638 1164 ius
667 1122 787 1176 vocare,
816 1121 907 1180 quam
938 1102 963 1163 si
992 1102 1041 1163 id1
1070 1102 1193 1181 abipso
1216 1110 1351 1182 praetore

257 1190 469 1267 postulaverint
496 1197 525 1251 et
554 1189 785 1266 impetraverint:
813 1196 843 1249 et
872 1188 896 1248 si
926 1189 991 1267 quis
1019 1190 1101 1250 aliter
1131 1189 1290 1264 vocaverit,
1320 1189 1351 1248 in

257 1295 326 1337 eum
348 1296 476 1355 poenam
498 1272 675 1337 <solidorum
698 1269 928 1353 quinquaginta>
953 1275 1111 1337 constituit.

617 1580 664 1635 DE
684 1481 993 1635 orrliitiltuntffls,

326 1687 480 1765 Superest,
507 1695 540 1748 ut
567 1689 603 1748 de
631 1688 725 1749 officio
752 1686 856 1748 iudicis
879 1686 1075 1763 dispiciamus.
1121 1693 1149 1746 et
1172 1684 1292 1762 quidem
1320 1686 1351 1747 in

260 1773 362 1852 primis
391 1773 462 1834 illud
491 1775 646 1835 observare
679 1774 764 1834 debet
790 1773 893 1846 iudex,
928 1791 967 1833 ne
995 1772 1078 1833 aliter
1104 1770 1225 1845 iudicet,
1260 1791 1350 1850 quarn

258 1858 374 1935 legibus
404 1866 454 1920 aut
482 1859 739 1921 constitutionibus
773 1868 824 1919 aut
850 1855 1005 1919 moribus²
1034 1857 1182 1935 proditum
1209 1865 1262 1919 est.
1314 1858 1385 1919 litl

259 1944 323 2005 ideo
353 1944 376 2005 si
406 1945 505 2005 noxali
534 1945 639 2006 iudicio
668 1944 800 2005 addictus
829 1951 888 2017 est,
918 1945 1075 2005 observare
1102 1944 1200 2018 debet,
1230 1949 1277 2018 ut,
1310 1939 1350 2004 ‘si

258 2026 532 2109 ‘condemnandus
552 2030 697 2092 videbitur
729 2030 882 2103 dominus,
920 2030 960 2089 ita
996 2030 1101 2091 debeat
1134 2030 1348 2091 condemnare:

259 2112 425 2177 “Publium
454 2117 599 2178 Maeuium
626 2118 715 2178 Lucio
746 2116 822 2177 Titio
851 2116 953 2176 decem
981 2116 1078 2177 aureis
1104 2116 1271 2176 condemno
1298 2122 1350 2176 aut

259 2197 387 2263 <noxam
414 2199 554 2266 dedere.²>
593 2202 628 2263 Et
651 2206 675 2263 si
691 2203 721 2263 in
736 2223 799 2263 rem
814 2208 915 2264 actum
930 2202 976 2276 sit,
1001 2202 1062 2263 sive
1077 2209 1180 2263 contra
1195 2202 1348 2280 petitorem
1367 2206 1384 2260 2

258 2288 403 2362 iudicavit,
427 2290 580 2351 absolvere
602 2290 687 2350 debet
702 2308 914 2367 possessorem,
938 2288 999 2349 sive
1017 2296 1121 2349 contra
1136 2307 1348 2365 possessorem,

258 2374 358 2435 iubere
380 2394 449 2435 eum
472 2376 565 2449 debet,
590 2383 622 2436 ut
644 2396 708 2437 rern
728 2376 824 2454 ipsam
847 2375 981 2435 restituat
1003 2394 1070 2436 cum
1093 2373 1244 2437 fructibus.
1282 2369 1350 2435 <sed

258 2456 299 2519 <si
331 2460 362 2519 in
389 2461 535 2537 praesenti
562 2469 651 2538 neget
682 2480 714 2521 se
743 2480 898 2538 possessor
923 2460 1076 2521 restituere
1105 2479 1192 2538 posse
1224 2468 1253 2521 et
1287 2459 1350 2521 sine
1379 2475 1381 2486 ·

258 2540 472 2606 ‘frustratione
485 2546 628 2607 videbitur
654 2553 770 2624 tempus
797 2546 968 2607 restituendi
998 2565 1087 2606 causa
1116 2551 1229 2623 petere,
1257 2545 1350 2605 indul·

259 2626 408 2709 <gendum
436 2638 480 2692 est
507 2631 547 2705 ei,
577 2637 611 2692 ut
637 2638 739 2693 tamen
769 2632 805 2692 de
832 2631 891 2692 litis
919 2631 1122 2692 aestimatione
1154 2639 1252 2692 caveat
1282 2651 1350 2691 cum

259 2712 456 2791 ‘fideiussore
481 2716 505 2777 si
521 2718 598 2777 intra
613 2725 730 2795 tempus
746 2718 825 2795 quod
848 2718 874 2777 ei
890 2718 992 2777 datum
1015 2725 1134 2778 estnon
1150 2713 1349 2778 restituisset.>

259 2809 289 2862 et
312 2803 336 2862 si
350 2803 496 2863 hereditas
519 2804 608 2880 petita
633 2803 678 2877 sit,
702 2805 805 2865 eadem
826 2803 902 2863 circa
916 2804 1029 2864 fructus
1044 2804 1251 2875 interveniunt,
1276 2822 1351 2881 quae

261 2888 389 2948 diximus
420 2888 594 2950 intervenire
627 2890 658 2949 in
691 2890 878 2967 singularum
907 2909 1007 2950 rerum
1035 2889 1182 2969 petitione.
1232 2890 1350 2950 illorum

260 2980 360 3035 autem
382 2973 545 3048 fructuum,
576 2995 650 3053 quos
673 2976 760 3053 culpa
782 2996 836 3036 sua
859 2995 1013 3053 possessor
1035 2995 1097 3037 non
1119 2976 1292 3053 perceperit,
1320 2974 1351 3035 in

261 3068 386 3137 utraque
413 3060 527 3122 actione
554 3062 657 3122 eadem
685 3062 759 3122 ratio
787 3082 879 3138 paene
905 3060 968 3135 fitl,
995 3061 1019 3122 si
1048 3063 1155 3139 praedo
1184 3062 1279 3123 fuerit.
1326 3062 1351 3122 si

259 3164 328 3206 vero
357 3147 437 3206 bona
464 3148 520 3208 fide
543 3166 697 3225 possessor
722 3147 820 3221 fuerit,
852 3166 914 3207 non
936 3148 1063 3208 habetur
1084 3149 1157 3210 ratio
1180 3144 1350 3225 ‘consump-

262 3239 360 3292 torum
387 3251 483 3308 neque
512 3252 571 3294 non
594 3229 829 3312 perceptorum':
858 3240 925 3312 post
945 3234 1114 3295 inchoatam
1137 3242 1237 3294 autem
1260 3233 1351 3311 petiti·

259 3336 349 3379 onem
372 3318 461 3378 etiam
483 3319 600 3380 illorum
623 3320 696 3381 ratio
719 3321 858 3393 habetur,
889 3319 939 3396 qui
969 3322 1055 3398 culpa
1086 3320 1265 3399 possessoris
1288 3340 1351 3397 per·

261 3404 337 3482 cepti
358 3424 421 3466 non
444 3412 513 3465 sunt
535 3406 580 3467 vel
595 3406 723 3484 percepti
738 3406 905 3483 consumpti
926 3414 1004 3467 sunt.
1044 3405 1074 3467 Si
1097 3407 1135 3466 ad
1150 3407 1350 3467 exhibendum
1369 3411 1385 3465 3

261 3498 359 3551 actum
382 3490 481 3564 fuerit,
506 3510 567 3551 non
590 3492 711 3565 sufficit,
739 3492 764 3553 si
787 3492 923 3553 exhibeat
945 3512 1007 3553 rem
1030 3492 1055 3552 is
1078 3512 1145 3552 cum
1169 3512 1227 3570 quo
1251 3500 1350 3553 actum

261 3582 314 3648 est,
339 3578 389 3636 sed
413 3596 487 3655 opus
510 3583 563 3651 est,
587 3585 620 3638 ut
641 3580 729 3639 etiam
752 3597 874 3639 causam
896 3578 938 3639 rei
960 3579 1065 3639 debeat
1084 3579 1231 3652 exhibere,
1255 3578 1353 3653 idest

261 3668 294 3721 ut
316 3658 382 3721 ect'n
405 3682 525 3723 causam
548 3664 656 3725 habeat
682 3671 777 3737 actor,
806 3683 896 3741 quarn
919 3664 1074 3725 habiturus
1096 3672 1186 3739 esset,
1215 3665 1254 3739 si,
1283 3684 1352 3725 oum

260 3745 390 3824 primum
414 3749 450 3808 ad
466 3750 665 3811 exhibendum
681 3750 796 3827 egisset,
820 3749 949 3811 exhibita
971 3771 1019 3812 res
1042 3751 1158 3813 fuisset:
1182 3751 1306 3828 ideoque
1327 3750 1352 3810 si

262 3832 338 3893 inter
366 3852 465 3895 moras
488 3846 632 3915 usucapta
659 3835 697 3896 sit
726 3856 773 3897 res
796 3854 814 3896 a
836 3855 1018 3913 possessore,
1048 3837 1140 3898 nihilo
1162 3837 1261 3897 minus
1284 3855 1352 3896 con·

262 3918 429 3981 damnatur.
478 3929 629 3999 praeterea
655 3923 804 3983 fructuum
838 3923 927 3982 medii
952 3923 1105 4001 temporis,
1137 3923 1165 3982 id
1201 3929 1246 3983 est
1279 3922 1350 3995 eius,

333 4054 343 4086 ¹
361 4054 396 4120 id]
415 4056 473 4121 PE,
493 4075 542 4110 om.
555 4060 581 4109 B
643 4058 653 4091 ²
671 4056 796 4127 moribus]
815 4058 872 4125 PE,
890 4077 906 4112 a
923 4062 1066 4114 maioribus
1083 4061 1116 4126 B,
1135 4064 1167 4127 τῇ
1184 4064 1238 4112 τῶν
1256 4063 1353 4127 σοφῶν

264 4120 407 4190 νομοθεσίᾳ
428 4123 453 4177 Θ
524 4126 590 4193 ⁸fit]
609 4127 642 4195 B,
661 4130 773 4182 habetur
790 4128 844 4179 PE
