3309 4917
314 420 390 489 1v‚o
832 422 892 485 148
1367 443 1408 488 nr

314 596 443 657 versario
465 596 603 657 iuraverit
625 596 724 656 deberi
747 595 802 656 sibi
824 596 981 674 pecuniam
1003 614 1095 673 quam
1117 601 1236 674 peteret,
1260 614 1356 674 neque
1379 596 1408 657 ei

315 684 453 757 solvatur,
483 681 642 743 iustissime
665 683 869 742 accommodat
891 682 917 743 ei
939 683 1028 743 talem
1050 682 1212 757 actionem,
1240 700 1293 760 per
1315 701 1408 762 quam

314 788 377 829 non
398 768 470 829 illud
492 768 656 845 quaeritur,
681 787 719 827 an
742 768 768 828 ei
791 768 915 845 pecunia
937 769 1090 843 debeatur,
1119 769 1171 829 sed
1194 787 1233 829 an
1255 766 1402 832 iuraverit.

264 860 297 913 12
315 854 460 916 Poenales
483 873 601 931 quoqne
623 853 753 914 actiones
776 848 907 915 <bene>l
929 856 1039 915 multas
1065 873 1103 915 ex
1132 874 1187 914 sua
1208 852 1407 935 iurisdictione

315 940 490 1001 introduxit:
507 938 595 1000 veluti
611 940 750 1000 adversus
765 959 834 1000 eum
850 941 901 1017 qui
918 941 987 1018 quid
1002 960 1039 1001 ex
1053 941 1121 1002 albo
1136 940 1199 1001 eius
1212 940 1406 1019 corrupisset:

316 1026 397 1087 etin
421 1046 489 1087 eum
512 1025 744 1104 quipatronum
767 1027 813 1087 vel
835 1035 988 1105 parentem
1010 1027 1041 1087 in
1064 1028 1110 1087 ius
1129 1033 1271 1100 vocasset,
1295 1046 1363 1087 curn
1377 1026 1408 1086 id

316 1132 377 1173 non
400 1112 599 1189 impetrasset:
623 1111 695 1172 item
717 1112 859 1173 adversus
882 1131 959 1188 eum,
984 1114 1034 1190 qui
1056 1113 1084 1172 vi
1105 1112 1246 1174 exemerit
1267 1132 1337 1173 eum
1356 1111 1408 1190 qui

315 1198 345 1257 in
371 1198 417 1258 ius
440 1206 603 1271 vocaretur,
627 1197 745 1259 cuiusve
768 1199 835 1259 dolo
858 1199 933 1260 alins
956 1199 1110 1260 exemerit:
1133 1206 1162 1259 et
1183 1198 1256 1260 alias
1273 1198 1408 1259 innume·

266 1288 299 1342 13
318 1284 435 1345 nabiles.
481 1284 706 1345 Praeiudiciales
735 1285 865 1346 actiones
891 1285 923 1344 in
950 1305 1013 1346 rem
1040 1304 1105 1346 esse
1128 1284 1275 1359 videntur,
1306 1285 1407 1361 quales

318 1378 397 1444 sunt,
421 1390 474 1449 per
497 1390 571 1447 quas
594 1370 753 1447 quaeritur,
777 1390 816 1431 an
833 1371 938 1448 aliquis
953 1372 1026 1432 liber
1041 1372 1086 1432 vel
1101 1390 1140 1431 an
1155 1371 1276 1431 libertus
1292 1370 1338 1445 sit,
1362 1371 1408 1431 vel

318 1458 354 1517 de
376 1465 462 1534 partu
485 1456 684 1534 agnoscendo.
721 1476 756 1517 er
773 1457 880 1534 quibus
895 1457 954 1518 lere
969 1476 1030 1517 una
1044 1458 1093 1517 illa
1107 1456 1269 1533 legitimam
1285 1476 1408 1517 causam

273 1610 275 1613 ¹
318 1543 418 1616 habet,
442 1561 494 1620 per
510 1562 600 1619 quarn
616 1542 774 1619 quaeritur,
799 1563 838 1602 an
854 1543 958 1619 aliquis
972 1543 1045 1603 liber
1060 1543 1112 1603 sit:
1137 1550 1249 1603 ceterae
1264 1542 1408 1619 exipsius

266 1632 300 1685 14
319 1628 462 1706 praetoris
484 1628 684 1689 iurisdictione
699 1628 897 1689 substantiam
912 1629 1039 1706 capiunt.
1065 1624 1149 1689 ²*Sic
1163 1629 1262 1705 itaque
1276 1628 1408 1689 discretis

320 1710 501 1775 *actionibus
529 1720 641 1774 certum
669 1722 713 1774 est
740 1733 801 1774 non
829 1733 917 1791 posse
943 1722 1072 1776 actorem
1100 1734 1164 1775 rem
1190 1734 1276 1775 suam
1306 1714 1347 1774 ita
1369 1716 1407 1775 ab

320 1796 433 1877 *aliquo
462 1806 562 1877 petere
588 1798 625 1859 ‘si
652 1806 734 1878 paret
759 1818 827 1860 eum
857 1800 927 1860 dare
953 1795 1107 1878 oportere’:
1138 1819 1194 1861 neo
1221 1800 1301 1860 enim
1329 1800 1408 1878 quod

320 1882 443 1946 *actoris
466 1892 511 1946 est
533 1885 561 1945 id
584 1885 611 1947 ei
633 1886 696 1945 dari
718 1892 841 1963 oportet,
863 1886 932 1962 quia
954 1886 1062 1947 scilicet
1084 1886 1147 1946 dari
1170 1886 1307 1963 cuiquam
1321 1887 1351 1946 id
1365 1886 1408 1946 in·

320 1968 492 2049 *tellegitun
516 1972 594 2049 quod
618 1972 658 2031 ita
673 1972 768 2045 datur,
791 1979 824 2032 ut
842 1972 904 2032 eius
920 1972 980 2046 fiat,
1003 1992 1058 2033 nec
1073 1992 1121 2033 res
1136 1992 1213 2050 quae
1226 1972 1286 2032 iam
1301 1973 1408 2034 actoris

320 2055 380 2119 *est
402 2053 531 2136 ‘magis'
556 2058 618 2119 eius
640 2057 702 2120 fieri
724 2065 831 2137 potest.
868 2060 956 2136 plane
984 2059 1052 2119 odio
1079 2060 1194 2133 lurum,
1225 2078 1284 2136 quo
1311 2058 1408 2138 magis

320 2142 470 2223 *pluribus
494 2144 658 2205 actionibus
681 2152 845 2218 teneantur,
869 2140 1035 2205 ‘effectum'
1059 2152 1112 2220 est,
1135 2152 1168 2205 ut
1183 2152 1266 2205 extra
1280 2164 1408 2223 poenam

320 2227 417 2308 *dupli
440 2236 490 2290 aut
514 2230 669 2308 quadrupli
696 2230 737 2291 rei
765 2230 950 2307 recipiendae
976 2228 1098 2293 nomine
1125 2231 1206 2291 iures
1233 2231 1322 2292 etiam
1352 2232 1409 2291 hac

322 2313 452 2376 *actione
475 2322 633 2375 teneantur
654 2311 689 2375 ‘si
711 2323 795 2393 paret
816 2335 868 2377 eos
890 2316 961 2376 dare
980 2314 1134 2396 oportere'‚
1158 2316 1292 2394 quamvis
1307 2317 1346 2378 sit
1360 2318 1408 2377 ad·

320 2398 438 2462 *versus
462 2420 514 2461 eos
537 2401 626 2462 etiam
648 2402 723 2463 haec
744 2396 789 2461 <in
816 2397 896 2463 rem>
919 2402 1009 2477 actio,
1040 2423 1092 2481 per
1118 2422 1209 2479 quarn
1235 2422 1300 2463 rem
1322 2422 1408 2463 suam

268 2491 300 2546 15
321 2483 403 2564 *quis
428 2506 493 2547 esse
515 2487 595 2565 petit.
641 2486 835 2565 Appellamus
858 2495 957 2549 autem
985 2488 1015 2549 in
1042 2508 1105 2549 rem
1133 2488 1251 2570 quidem
1279 2489 1409 2550 actiones

321 2571 561 2634 *vindicationem
593 2573 624 2633 in
647 2594 806 2651 personam
828 2594 898 2635 vero
921 2575 1064 2649 actiones,
1094 2574 1201 2651 quibus
1224 2575 1294 2634 dare
1314 2576 1411 2637 facere

322 2656 472 2737 *oportere
494 2660 663 2735 intenditur,
689 2660 896 2722 condictiones.
930 2660 1082 2721 condicere
1103 2654 1213 2720 <enim>
1237 2666 1283 2719 est
1298 2660 1409 2720 denun-

322 2741 409 2805 *tiare
431 2746 528 2823 prisca
550 2746 668 2823 lingua:
693 2766 774 2807 nnnc
796 2766 865 2807 vero
888 2741 1178 2807 <abusive'dicimus
1193 2744 1409 2806 condictionem

322 2828 484 2892 *actionem
500 2832 531 2892 in
546 2850 705 2909 personam
721 2852 795 2907 esse,
813 2852 873 2910 qua
888 2839 969 2893 actor
983 2832 1108 2893 intendit
1119 2831 1182 2892 dari
1193 2831 1248 2893 sibi
1259 2839 1408 2910 oportere:

323 2914 420 2978 *nulla
444 2918 523 2977 enim
546 2918 608 2979 hoo
625 2925 758 2996 tempore
781 2938 816 2979 eo
838 2918 960 2978 nomine
982 2918 1163 2979 denuntiatio
1185 2914 1242 2981 tit*

268 3004 301 3061 16
407 3002 542 3080 Sequens
564 3004 615 3065 illa
637 3004 738 3065 divisio
762 3012 815 3080 est,
839 3005 917 3081 quod
941 3005 1087 3081 quaedam
1110 3004 1240 3065 actiones
1259 3004 1301 3065 rei
1315 3024 1410 3082 perso

319 3089 455 3166 quendae
474 3090 569 3166 gratia
579 3098 773 3167 comparatae
788 3097 867 3164 sunt,
891 3090 1037 3167 quaedam
1052 3110 1164 3168 poenae
1179 3090 1408 3168 persequendae,

268 3180 301 3233 17
320 3175 466 3251 quaedam
491 3175 601 3235 mixtae
616 3183 695 3238 sunt.
731 3176 783 3237 Rei
800 3177 1019 3253 persequendae
1034 3196 1124 3237 cansa
1138 3183 1325 3255 comparatae
1340 3183 1410 3236 sunt

319 3280 424 3321 omnes
439 3260 469 3319 in
486 3280 549 3320 rem
565 3260 705 3322 actiones
737 3281 840 3322 earum
855 3282 923 3323 vero
939 3264 1098 3337 actionum,
1115 3263 1235 3339 quaein
1250 3280 1408 3340 personam

320 3355 398 3420 sunt,
422 3346 480 3406 hae
503 3346 621 3423 quidem
644 3365 720 3423 quae
743 3366 780 3408 ex
802 3355 953 3410 contractu
976 3356 1139 3409 nascuntur
1160 3349 1222 3410 fere
1244 3365 1348 3407 omnes
1366 3345 1407 3405 rei

318 3432 538 3509 persequendae
560 3451 650 3492 causa
673 3441 860 3511 comparatae
875 3434 1023 3494 videntur:
1047 3435 1134 3495 veluti
1150 3434 1256 3511 quibus
1272 3437 1408 3491 mutuam

318 3518 475 3594 pecuniam
498 3519 543 3578 vel
565 3517 596 3577 in
621 3518 792 3595 stipulatum
815 3520 971 3580 deductam
994 3521 1065 3597 petit
1079 3527 1169 3591 actor,
1192 3518 1263 3577 item
1278 3534 1408 3578 commo

319 3602 387 3674 dati,
411 3602 543 3679 depositi,
567 3604 708 3675 mandati,
732 3624 786 3682 pro
802 3606 890 3677 socio,
914 3613 1066 3682 exempto
1082 3602 1208 3677 vendito,
1228 3603 1323 3662 locato
1340 3622 1408 3663 con·

319 3689 415 3749 ducto.
454 3690 542 3766 plane
565 3688 589 3749 si
612 3689 736 3767 depositi
759 3697 862 3766 agetur
884 3709 919 3750 eo
942 3690 1072 3763 nomine,
1096 3690 1175 3767 quod
1198 3690 1343 3749 tumultus
1365 3690 1408 3750 in·

319 3774 413 3836 cendii
435 3774 538 3835 ruinae
554 3776 701 3855 naufragii
717 3795 807 3837 cansa
822 3775 988 3853 depositum
1004 3776 1051 3850 sit,
1074 3775 1105 3835 in
1120 3776 1243 3853 duplum
1259 3775 1407 3836 actionem

319 3869 436 3939 praetor
457 3861 559 3935 reddit,
583 3862 608 3921 si
630 3863 720 3923 modo
743 3879 810 3923 cum
834 3862 898 3939 ipso
920 3863 999 3939 apud
1019 3881 1107 3939 quem
1123 3861 1288 3938 depositum
1304 3861 1342 3921 sit
1357 3868 1408 3921 aut

320 3966 388 4008 curn
411 3948 517 4009 herede
540 3948 602 4008 eius
624 3968 661 4009 ex
676 3950 744 4009 dolo
758 3948 850 4026 ipsius
866 3949 973 4025 agitur:
998 3967 1057 4026 quo
1073 3967 1142 4008 casu
1156 3948 1248 4007 mixta
1263 3954 1307 4007 est
1321 3947 1407 4009 actio.

269 4037 302 4091 18
324 4034 367 4093 Ex
390 4034 541 4095 maleficiis
565 4053 633 4095 vero
656 4034 787 4112 proditae
809 4034 938 4096 actiones
962 4034 1035 4095 aliae
1056 4040 1172 4095 tantum
1187 4052 1300 4111 poenae
1313 4052 1409 4110 perse

391 4155 401 4185 ¹
419 4151 495 4221 bene]
507 4154 564 4219 Wss,
582 4170 648 4223 pono
666 4155 698 4219 B,
717 4162 820 4222 praetor
837 4134 909 4207 bene
921 4154 1023 4205 PEWt
1095 4154 1107 4185 ²
1126 4153 1185 4207 oat.
1197 4151 1223 4216 4,
1232 4149 1257 4205 4.
1267 4150 1292 4204 5.
1302 4149 1336 4204 18
