3309 4917
281 422 363 477 ouon
378 422 438 469 cuu
453 422 492 467 uo
508 420 559 476 our
574 422 641 466 erc.
721 406 930 501 *Q—
1175 373 1177 377 ,
1292 401 1370 471 ΝΛ

283 576 351 653 quia
366 576 417 653 qui
430 576 471 635 ita
486 574 633 637 contrahit
647 574 734 635 fidem
751 574 863 636 domini
878 573 960 651 sequi
975 574 1097 635 ridetur.
1128 574 1241 636 Eadem
1256 574 1369 644 ratione
1386 585 1405 639 2

281 670 399 741 praetor
420 662 494 722 duas
517 662 590 721 alias
612 661 642 720 in
664 660 790 721 solidum
806 661 936 725 actiones
951 660 1112 738 pollicetur,
1136 680 1261 738 quarum
1278 663 1369 723 altera

282 748 461 821 exercitoria,
490 748 580 808 altera
606 746 751 807 institoria
774 748 945 825 appellatur.
984 746 1154 807 exercitoria
1175 754 1247 808 tunc
1267 750 1369 809 locum

281 835 379 908 habet,
403 852 472 894 curn
493 833 559 911 quis
574 852 692 894 servum
709 852 796 894 suum
812 832 989 911 magistrum
1004 831 1110 893 naris¹
1124 834 1325 910 praeposuerit
1340 841 1370 894 et

276 920 351 997 quid
366 938 434 981 cum
448 938 484 980 eo
499 920 561 981 eius
577 918 619 979 rei
634 918 729 995 gratia
743 919 790 980 cui
805 919 988 997 praepositus
1003 918 1058 980 erit
1072 926 1256 981 contractum
1272 920 1367 981 fuerit.

281 1007 346 1067 ideo
369 1012 467 1067 autem
492 1005 663 1067 exercitoria
685 1012 814 1078 vocatur,
838 1006 907 1082 quia
929 1005 1072 1066 exercitur
1094 1005 1306 1082 appellaturis,
1330 1007 1369 1067 ad

281 1112 370 1169 quem
392 1092 567 1153 cottidianus
590 1091 674 1152 navis
696 1099 836 1168 quaestus
857 1090 991 1169 pertinet.
1024 1090 1169 1152 institoria
1183 1099 1255 1153 tunc
1268 1095 1369 1153 locum

281 1179 379 1252 habet,
403 1198 470 1239 cum
495 1177 560 1255 quis
583 1178 724 1238 tabernae
745 1177 820 1238 forte
842 1184 893 1237 aut
910 1176 1028 1237 cuilibet
1042 1176 1234 1255 negotiationi
1249 1197 1368 1239 servum

280 1264 482 1342 praeposuerit
503 1271 532 1324 et
554 1264 623 1340 quid
645 1282 714 1323 curn
737 1282 772 1324 eo
788 1262 851 1324 eius
866 1263 907 1324 rei
922 1281 1020 1337 causa,
1044 1263 1091 1323 cui
1106 1264 1289 1341 praepositus
1304 1264 1367 1337 erit,

280 1358 464 1411 contractum
487 1350 583 1411 fuerit.
627 1350 692 1410 ideo
715 1356 814 1410 autem
841 1349 985 1409 institoria
1016 1350 1192 1426 appellatur,
1222 1350 1292 1425 quia
1318 1350 1368 1426 qui

281 1436 530 1513 negotiationibus
552 1442 775 1514 praeponuntur
800 1435 949 1497 institores
970 1442 1121 1496 vocantur.
1166 1435 1240 1495 lstas
1266 1443 1367 1496 tamen
1385 1444 1422 1498 20

280 1523 354 1582 duas
377 1522 506 1584 actiones
529 1529 646 1599 praetor
667 1522 761 1583 reddit
783 1529 812 1583 et
833 1520 859 1581 si
885 1522 1013 1584 liberum
1041 1520 1107 1597 quis
1136 1520 1288 1584 hominem
1316 1528 1369 1582 aut

280 1607 410 1669 alienum
441 1626 558 1669 servum
590 1607 658 1668 navi
689 1615 740 1669 aut
771 1608 910 1669 tabernae
943 1613 994 1667 aut
1026 1606 1143 1669 cuilibet
1175 1606 1367 1685 negotiationi

278 1695 489 1771 praeposuerit,
513 1694 621 1754 scilicet
643 1695 711 1770 quia
732 1694 836 1755 eadem
858 1693 1012 1770 aequitatis
1035 1693 1108 1753 ratio
1130 1693 1219 1754 etiam
1240 1712 1276 1755 eo
1296 1712 1368 1754 casu

279 1780 500 1841 interveniebat.
544 1779 707 1839 lntroduxit
730 1787 759 1840 et
781 1779 870 1839 aliam
893 1779 1038 1841 actionem
1061 1786 1192 1856 praetor,
1222 1799 1298 1857 quae
1319 1780 1403 1841 tri-8

280 1865 396 1925 butoria
418 1871 547 1925 vocatur.
585 1884 716 1942 namque
738 1866 763 1925 si
786 1884 888 1926 servus
911 1864 941 1925 in
968 1864 1107 1942 peculiari
1133 1884 1231 1925 merce
1257 1865 1368 1927 sciente

281 1950 400 2011 domino
424 1950 590 2028 negotietur
612 1957 641 2011 et
663 1950 731 2027 quid
755 1969 822 2011 cum
846 1969 881 2011 eo
907 1950 970 2011 eius
999 1950 1039 2011 rei
1066 1968 1156 2011 causa
1183 1957 1368 2013 contractum

280 2036 347 2111 erit,
377 2036 419 2097 ita
446 2043 563 2114 praetor
590 2036 635 2096 ius
661 2036 743 2110 dicit,
774 2042 819 2107 ut,
849 2036 990 2113 quidquid
1017 2036 1049 2109 iq
1076 2035 1122 2096 his
1144 2036 1292 2097 mercibus
1314 2037 1369 2099 erit

279 2122 417 2199 quodque
439 2123 507 2183 inde
529 2130 679 2200 receptum
702 2122 770 2196 erit,
793 2122 822 2182 id
846 2122 922 2183 inter
943 2121 1112 2199 dominum,
1135 2122 1159 2182 si
1181 2122 1251 2199 quid
1273 2122 1300 2183 ei
1321 2123 1368 2185 de·

279 2208 403 2284 bebitur,
428 2216 456 2270 et
479 2216 590 2271 ceteros
613 2209 769 2270 creditores
792 2228 846 2286 pro
867 2216 932 2270 rata
952 2208 1087 2287 portione
1106 2208 1305 2270 distribuatur.
1339 2216 1368 2270 et

279 2295 349 2371 quia
370 2295 425 2373 ipsi
444 2295 565 2356 domino
580 2296 816 2357 distributionem
831 2295 980 2372 permittit,
1004 2294 1029 2355 si
1044 2294 1110 2371 quis
1125 2314 1162 2355 ex
1177 2295 1368 2357 creditoribus

279 2388 431 2457 queratur,
456 2381 540 2457 quasi
561 2382 662 2442 minus
685 2384 711 2443 ei
732 2382 876 2443 tributum
898 2382 949 2454 sit,
972 2400 1063 2458 quam
1086 2382 1260 2458 oportuerit,
1289 2381 1368 2442 hanc

279 2468 306 2527 ei
329 2467 476 2528 actionem
499 2468 712 2540 accommodat,
736 2486 813 2544 quae
834 2466 986 2527 tributaria
1002 2467 1173 2543 appellatur.
1212 2467 1402 2528 Praeterea4

279 2552 445 2613 introducta
468 2560 513 2613 est
535 2554 610 2614 actio
634 2554 669 2613 de
692 2552 805 2630 peculio
828 2551 922 2627 deque
944 2570 989 2622 eo,
1014 2552 1093 2627 quod
1115 2551 1146 2611 in
1169 2571 1233 2612 rem
1256 2553 1368 2613 domini

277 2658 395 2700 versum
412 2638 476 2713 erit,
495 2646 537 2713 ut,
561 2638 695 2715 quamvis
710 2638 774 2698 sine
789 2638 939 2699 voluntate
953 2636 1065 2697 domini
1079 2637 1233 2715 negotium
1248 2645 1368 2715 gestum

281 2726 343 2797 erit,
367 2732 467 2785 tamen
492 2724 553 2784 sive
576 2724 644 2800 quid
666 2724 697 2783 in
721 2743 784 2785 rem
804 2722 867 2783 eius
882 2742 1000 2783 versum
1015 2723 1110 2796 luerit,
1131 2723 1160 2783 id
1176 2730 1271 2783 totum
1286 2744 1368 2800 prae

280 2816 357 2870 stare
380 2810 494 2884 debeat,
517 2809 578 2871 sive
600 2809 668 2886 quid
693 2828 753 2869 non
777 2809 815 2870 sit
836 2808 867 2869 in
889 2827 954 2869 rem
970 2809 1033 2869 eius
1048 2828 1176 2883 versum,
1200 2810 1229 2869 id
1245 2818 1367 2871 eatenus

277 2902 427 2972 praestare
454 2895 573 2967 debeat,
600 2902 746 2973 quatenus
773 2895 920 2973 peculium
946 2894 1062 2973 patitur.
1111 2896 1144 2955 ln
1174 2915 1237 2957 rem
1265 2902 1366 2957 autem
1383 2901 1420 2955 4ο

277 2980 388 3043 domini
418 2999 536 3043 versum
565 2982 758 3060 intellegitur,
791 2980 931 3059 quidquid
960 2980 1125 3042 necessario
1152 2980 1182 3041 in
1212 3000 1276 3042 rem
1304 2982 1367 3043 eius

277 3067 452 3145 impenderit
467 3086 578 3141 servus,
595 3068 683 3129 veluti
699 3067 723 3128 si
739 3074 892 3128 mutuatus
907 3067 1061 3145 pecuniam
1077 3066 1268 3129 creditoribus
1283 3066 1367 3129 eius²

280 3153 397 3214 solverit
426 3160 475 3214 aut
506 3154 635 3215 aedificia
666 3154 781 3215 ruentia
809 3154 922 3214 fulserit
950 3160 1001 3214 aut
1028 3154 1155 3215 familiae
1184 3153 1367 3215 frumentum

277 3239 381 3301 emerit
404 3240 449 3301 vel
472 3242 561 3300 etiam
584 3240 709 3301 fundum
732 3247 783 3301 aut
804 3239 967 3317 quamlibet
987 3239 1075 3302 aliam
1090 3259 1154 3301 rem
1168 3241 1365 3301 necessariam

275 3333 425 3387 mercatus
449 3326 512 3387 erit.
557 3328 657 3403 ltaque
679 3326 704 3387 si
726 3346 763 3387 ex
785 3327 887 3388 decem
909 3320 957 3386 ‘ut
978 3334 1050 3404 puta
1065 3321 1186 3399 aureis'‚
1210 3346 1285 3403 quos
1306 3345 1364 3387 ser·
1384 3334 1418 3388 tt

276 3432 330 3473 vus
353 3419 422 3473 tuus
446 3412 555 3473 aTitio
578 3420 698 3473 mutuos
720 3413 839 3490 accepit,
863 3412 999 3473 creditori
1017 3419 1068 3473 tuo
1084 3412 1214 3489 quinque
1228 3408 1364 3474 <aureos>

277 3499 405 3572 solverit,
430 3498 558 3575 reliquos
580 3518 648 3559 vero
669 3498 798 3576 quinque
814 3499 944 3575 quolibet
958 3499 1047 3559 modo
1063 3499 1287 3577 consumpserit,
1311 3519 1364 3577 pro

277 3584 406 3661 quinque
435 3585 555 3662 quidem
582 3585 612 3645 in
640 3585 767 3645 solidum
793 3584 928 3645 damnari
955 3584 1057 3659 debes,
1085 3605 1139 3662 pro
1167 3586 1269 3647 ceteris
1296 3605 1365 3647 vero

276 3669 407 3746 quinquo
423 3678 555 3744 eatenus
577 3679 723 3748 quatenus
737 3671 767 3731 in
783 3671 896 3748 peculio
912 3670 963 3731 sit:
986 3690 1022 3731 ex
1037 3689 1096 3748 quo
1112 3671 1219 3733 scilieet
1233 3679 1363 3749 apparet,

276 3754 301 3814 si
322 3755 377 3815 toti
399 3756 501 3817 decem
523 3752 633 3818 <aurei>
657 3758 687 3817 in
711 3776 774 3818 rem
796 3765 879 3818 tuam
902 3755 978 3816 versi
1007 3756 1128 3832 fuerint,
1158 3765 1236 3819 totos
1262 3758 1363 3817 decem

275 3835 414 3902 <aureos>
438 3842 549 3903 Titium
572 3842 713 3921 consequi
734 3862 831 3920 posse.
864 3842 932 3904 licet
953 3842 1033 3903 enim
1056 3862 1117 3903 una
1138 3851 1183 3904 est
1198 3843 1282 3915 aetio,
1306 3861 1365 3918 qua

191 3958 195 3965 ·
275 3927 311 3989 de
333 3928 447 4005 peculio
469 3928 564 4005 deque
587 3949 621 3991 eo
652 3929 729 4006 quod
756 3929 787 3988 in
814 3947 877 3989 rem
905 3928 1016 3996 domini
1042 3948 1160 3990 versum
1190 3928 1227 3988 sit
1256 3928 1362 4005 agitur,

274 4020 374 4074 tamen
397 4014 471 4074 duas
494 4013 584 4075 habet
607 4014 877 4077 condemnationes.
922 4014 1020 4091 itaque
1041 4015 1142 4088 iudex,
1174 4014 1252 4092 apud
1275 4032 1364 4089 quem

343 4133 352 4164 ¹
371 4133 407 4184 aio
418 4132 444 4184 B
462 4142 485 4185 et
498 4133 557 4185 eat.
569 4132 595 4199 4,
605 4132 647 4199 tl,
665 4135 728 4187 navi
739 4132 792 4186 PE
848 4131 859 4162 ²
876 4129 945 4199 eius]
963 4133 996 4198 B,
1015 4150 1072 4185 eam
1085 4131 1160 4198 Pau,
1179 4134 1236 4185 eius
1253 4149 1308 4184 eam
1321 4133 1362 4184 Pb
