3309 4917
252 426 401 480 muruco
771 408 833 470 129
1200 404 1349 477 nitori

258 579 422 658 negotium,
446 579 493 641 his
509 580 626 641 casibus
645 579 857 641 interveniente
871 577 1007 641 mercede
1027 579 1178 641 locatioet
1192 580 1349 642 conductio

258 665 393 727 contrahi
408 665 595 744 intellegitur.
625 671 655 729 et
670 665 734 729 ideo
758 666 783 726 si
805 664 912 727 lulloni
933 664 1070 744 potienda
1085 666 1251 727 curandave
1265 666 1349 727 vesti·

259 757 361 814 menta
376 750 511 813 dederis²
526 758 578 813 aut
592 751 764 813 sarcinatori
780 750 932 813 sarcienda
946 752 1029 813 nulla
1042 752 1177 813 mercede
1192 751 1350 814 constituta

258 856 357 915 neque
379 837 534 917 promissa,
558 836 691 899 mandati
713 838 854 915 competit
875 837 962 900 actio.

391 1142 438 1197 DE
456 1042 899 1204 OBLIGATIONIBUglilxiJHASI
917 1140 966 1196 EX
985 1137 1217 1197 CONTRACTU.

323 1249 396 1310 Post
418 1268 530 1327 genera
553 1256 757 1310 contractuum
781 1256 954 1310 enumerata
983 1248 1172 1326 dispiciamus
1200 1249 1289 1310 etiam
1315 1249 1352 1310 de

258 1332 305 1395 his
331 1334 572 1412 obligationibus,
596 1355 672 1413 quac
695 1354 755 1396 non
779 1335 895 1413 proprie
910 1334 1031 1414 quidem
1052 1353 1088 1394 ex
1103 1342 1253 1396 contractu
1269 1335 1352 1396 nasci

258 1420 482 1499 intelleguntur,
511 1422 563 1481 sed
591 1428 705 1495 tamen,
734 1420 803 1499 quia
831 1439 893 1481 non
921 1439 958 1481 ex
980 1419 1124 1481 maleficio
1154 1421 1351 1482 substantiam

259 1506 389 1583 capiunt,
413 1506 497 1583 quasi
520 1527 556 1567 ex
578 1513 730 1568 contractu
757 1506 839 1567 nasci
861 1506 1005 1567 videntur.
1052 1504 1160 1583 ²lgitur
1187 1525 1255 1567 cum
1285 1505 1385 1583 quial

257 1590 390 1653 absentis
420 1591 539 1670 negotia
569 1593 707 1671 gesserit,
738 1593 815 1654 ultro
844 1591 975 1671 citroque
1003 1592 1080 1654 inter
1109 1611 1161 1653 eos
1188 1598 1352 1653 nascuntur

258 1677 402 1751 actiones,
433 1698 509 1756 quae
532 1679 717 1757 appellantur
738 1678 925 1755 negotiorum
952 1685 1119 1757 gestorum:
1148 1678 1199 1738 scd
1229 1678 1351 1741 domino

150 1760 154 1765 ’
259 1764 379 1840 quidem
408 1763 451 1824 rei
479 1771 581 1842 gestae
609 1765 749 1824 adversus
777 1784 846 1825 cum
877 1763 927 1841 qui
956 1764 1046 1840 gessit
1077 1764 1185 1825 directa
1213 1764 1353 1843 competit

259 1849 346 1921 actio,
369 1849 558 1927 negotiorum
581 1856 680 1909 autem
703 1849 812 1927 gestori
836 1847 991 1911 contraria.
1026 1869 1100 1926 quas
1122 1868 1159 1910 ex
1181 1850 1262 1911 nullo
1284 1869 1351 1911 con·

261 1940 357 1997 tractu
380 1935 497 2013 proprie
518 1935 602 1995 nasci
623 1934 814 1996 manifestum
836 1942 894 1996 est:
917 1935 1025 2013 quippe
1046 1935 1087 1997 ita
1102 1941 1264 1997 nascuntur
1278 1935 1352 1998 istae

259 2020 405 2094 actiones,
434 2020 459 2080 si
487 2020 551 2081 sinc
574 2020 715 2082 mandato
738 2020 863 2099 quisque
885 2020 987 2081 alienis
1010 2021 1137 2099 negotiis
1160 2020 1298 2099 gerendis
1319 2040 1352 2083 se

261 2104 413 2184 optulerit:
442 2125 478 2167 ex
500 2126 559 2184 qua
581 2126 671 2167 causa
692 2106 711 2167 ii
734 2126 862 2185 quorum
885 2106 1005 2185 negotia
1027 2115 1113 2185 gesta
1133 2105 1241 2167 fuerint
1263 2107 1352 2169 etiam

259 2192 432 2271 ignorantes
455 2192 635 2271 obligantur.
666 2192 754 2270 idque
780 2193 912 2253 utilitatis
941 2212 1031 2254 causa
1052 2199 1203 2271 receptum
1225 2199 1283 2268 cst,
1314 2212 1352 2255 ne

259 2278 443 2354 absentium,
474 2278 524 2357 qui
546 2279 643 2340 subita
664 2278 851 2341 festinatione
872 2279 964 2341 coacti
986 2279 1060 2340 nulli
1081 2279 1259 2341 demandata
1281 2299 1352 2359 neg·

260 2364 387 2425 otiorum
421 2382 545 2426 suorum
579 2364 836 2445 administratione⁴
865 2384 988 2444 peregre
1014 2365 1135 2443 proiecti
1163 2372 1277 2439 essent,
1304 2367 1352 2429 de·

261 2457 428 2512 sererentur
450 2450 584 2529 negotia:
607 2469 683 2531 quac
706 2469 778 2513 sane
800 2470 890 2512 nemo
913 2458 1068 2512 curaturus
1090 2458 1182 2529 esset,
1212 2451 1237 2511 si
1259 2452 1295 2513 dc
1317 2471 1353 2513 eo

152 2536 156 2541 ’
260 2535 340 2615 quod
363 2535 428 2612 quis
450 2534 643 2614 impendisset
665 2537 779 2597 nullam
801 2536 957 2597 habiturus
983 2543 1060 2598 esset
1086 2536 1240 2597 actionem.
1279 2536 1354 2598 sicut

260 2629 361 2683 autem
383 2621 408 2683 is
423 2621 474 2700 qui
496 2622 608 2683 utiliter
624 2621 746 2699 gesserit
768 2621 889 2701 negotia
910 2620 999 2683 habet
1016 2621 1182 2701 obligatum
1198 2622 1353 2684 dominum

260 2708 464 2786 negotiorum,
494 2707 534 2768 ita
563 2713 592 2767 et
614 2713 717 2769 contra
739 2707 794 2769 istc
815 2726 934 2785 quoque
955 2714 1080 2782 tenetur,
1109 2715 1143 2768 ut
1168 2708 1353 2769 administra·

260 2793 349 2854 tionis
365 2791 510 2853 rationem
523 2792 635 2855 reddat.
659 2812 717 2869 quo
733 2812 803 2855 casu
815 2793 853 2853 ad
864 2793 1081 2855 exactissimam
1093 2794 1219 2871 quisque
1232 2794 1353 2872 diligen·

261 2874 355 2938 tiam³
371 2878 556 2955 compellitur
569 2878 691 2940 reddere
702 2879 863 2941 rationem:
879 2898 933 2940 nec
948 2878 1054 2940 sufficit
1069 2881 1159 2941 talem
1170 2879 1352 2956 diligentiam

261 2963 410 3039 adhibere,
433 2964 551 3041 qualem
574 2965 635 3025 suis
650 2965 739 3026 rebus
758 2964 898 3026 adhibere
913 2956 1029 3038 s‘oleret,
1052 2965 1078 3025 si
1096 2965 1186 3026 modo
1201 2965 1275 3025 alius
1290 2965 1352 3027 dili·

261 3047 379 3128 gentior
407 3050 591 3110 commodius
621 3050 880 3111 administraturus
908 3057 986 3112 essct
1015 3050 1143 3129 negotia.
1202 3049 1387 3113 ‘Tutores2

232 3157 237 3168 ’
262 3153 390 3213 quoquc,
414 3135 464 3212 qui
485 3136 592 3198 tutelae
613 3136 719 3198 iudicio
742 3143 888 3211 tenentur,
912 3155 974 3197 non
996 3137 1113 3216 proprie
1135 3157 1171 3199 ex
1195 3144 1350 3199 contractu

261 3220 384 3299 obligati
406 3221 616 3300 intelleguntur
639 3223 768 3305 (nullum
790 3222 870 3284 enim
897 3222 1050 3299 negotium
1071 3223 1147 3285 inter
1168 3229 1303 3288 tutorem
1322 3229 1352 3285 et

261 3306 406 3387 pupillum
428 3306 640 3392 contrahitur):
664 3309 715 3369 sed
736 3308 805 3386 quia
820 3328 893 3370 sane
908 3328 969 3369 non
985 3329 1022 3369 ex
1036 3309 1180 3371 maleficio
1203 3316 1350 3384 tenentur,

261 3393 350 3471 quasi
372 3412 409 3454 ex
431 3400 584 3455 contractu
606 3395 699 3455 teneri
720 3394 865 3457 videntur.
898 3401 928 3456 et
949 3395 1007 3456 hoc
1029 3403 1128 3456 autem
1144 3414 1215 3457 casu
1230 3401 1352 3457 mutuae

262 3486 333 3540 sunt
364 3480 508 3542 actiones:
541 3500 602 3541 non
631 3486 748 3542 tantum
777 3480 857 3541 cuim
888 3481 1016 3559 pupillus
1044 3500 1112 3543 curn
1140 3489 1237 3543 tutore
1262 3481 1352 3543 habet

262 3566 370 3627 tutelae
392 3566 549 3639 actionem,
573 3566 624 3627 scd
647 3564 696 3627 et⁶
718 3584 755 3628 ex
777 3567 924 3627 contrario
946 3573 1025 3627 tutor
1045 3586 1113 3628 cum
1129 3568 1240 3646 pupillo
1262 3568 1352 3631 habet

263 3649 442 3713 contrariam
464 3653 581 3726 tutelae,
605 3652 631 3713 si
645 3653 690 3715 vel
712 3652 889 3731 impenderit
910 3653 1019 3730 aliquid
1041 3651 1072 3714 in
1094 3672 1159 3714 rem
1181 3653 1284 3733 pupilli
1305 3654 1351 3714 vel

262 3754 316 3815 pro
338 3754 373 3797 eo
395 3737 481 3799 fuerit
503 3738 651 3817 obligatus
673 3746 724 3801 aut
745 3758 809 3801 rem
825 3758 911 3800 suam
934 3738 1069 3801 creditori
1089 3739 1153 3801 eius
1168 3739 1350 3818 obligaverit.

261 3821 336 3885 Item
365 3821 389 3883 si
416 3821 492 3885 inter
514 3824 628 3902 aliquos
651 3825 818 3887 communis
850 3826 888 3885 sit
914 3844 961 3885 res
989 3825 1053 3885 sine
1080 3826 1233 3898 societate,
1263 3825 1386 3886 velutit

334 3974 471 4044 ¹dederie]
490 3976 524 4042 B,
546 3980 606 4045 quis
627 3978 726 4031 dederit
751 3976 797 4029 To
873 3977 947 4045 ¹0f.
959 3976 1137 4045 Duplam
1193 3974 1351 4045 ‚watto

261 4058 313 4095 rer.
333 4038 402 4112 cett.)
482 4045 586 4113 ⁸de(l)
604 4050 767 4101 exactissima
808 4048 967 4115 .diligsntia
988 4046 1014 4097 T
1089 4046 1134 4109 *ὅ
1180 4064 1213 4099 en
1231 4046 1290 4099 Oai.
1303 4044 1351 4099 1.ss

261 4126 315 4165 rer.
333 4121 390 4164 coti.
409 4112 597 4182 (mamus
616 4113 670 4183 51)
742 4064 806 4183 ‘cii
825 4113 933 4184 otae,
952 4116 1077 4204 ‘mim

313 4210 433 4255 Iustiniani
445 4211 608 4260 Institutiones.
635 4214 674 4262 111.
685 4214 726 4262 Ed.
1126 4214 1144 4270 9
