3309 4917
874 445 894 504 4

338 623 371 678 ut
386 623 456 678 tunc
471 616 695 678 constitutiones
709 615 914 694 imperatorias
929 617 1069 694 legerent,
1093 615 1151 676 boc
1165 633 1218 678 vos
1234 635 1252 676 a
1268 617 1427 696 primordio
1522 615 1523 674 i

337 701 546 781 ingrediamini
569 702 652 781 digni
674 709 757 764 tanto
779 703 893 764 honore
915 708 1056 778 tantaque
1077 701 1204 780 reperti1
1227 703 1371 779 felicitate,
1395 710 1428 766 ut

338 794 368 849 ct
388 789 504 850 initium
518 788 601 851 vobis
623 795 653 849 et
674 787 742 849 linis
756 789 859 866 legum
873 787 1045 849 eruditionis
1068 807 1085 848 a
1108 806 1178 850 voce
1194 789 1347 868 principali
1362 807 1427 869 pro·

303 883 321 936 4
338 875 430 938 cedat.
468 874 559 952 igitur
578 882 645 953 post
663 874 754 936 libros
774 874 990 952 quinquaginta
1005 873 1189 952 digestorum
1204 893 1256 936 seu
1272 875 1427 953 pandecta·

337 981 414 1036 rum,
438 961 469 1022 in
492 980 567 1038 quos
589 978 679 1022 omne
700 960 747 1022 ins
769 960 925 1038 antiquum
948 960 1087 1022 collatum
1109 967 1155 1022 cst
1176 959 1265 1041 (quos
1285 980 1337 1040 per
1356 980 1427 1022 eun·

337 1049 406 1111 dem
420 1048 517 1108 virum
534 1049 686 1109 excelsum
701 1046 917 1108 Tribonianum
932 1065 987 1109 nec
1003 1066 1065 1108 non
1080 1053 1191 1108 ceteros
1206 1046 1284 1108 viros
1299 1046 1426 1108 illustres
1523 1117 1524 1122 η

337 1142 366 1196 et
388 1133 614 1195 facundissimos
636 1132 845 1213 confecimus),
876 1133 907 1193 in
936 1133 992 1195 hos
1020 1139 1158 1210 quattuor
1186 1133 1278 1195 libros
1306 1134 1426 1194 easdem

337 1220 536 1282 institutiones
559 1219 660 1300 partiri
681 1220 836 1298 iussimus,
865 1227 898 1280 ut
924 1219 983 1280 sint
1004 1219 1094 1281 totius
1116 1219 1266 1298 legitimae
1288 1219 1427 1280 scientiae

303 1307 433 1387 5prima
455 1308 608 1369 elementa
655 1306 768 1380 Quibus
790 1305 917 1368 breviter
939 1306 1105 1384 expositum
1127 1311 1172 1366 est
1193 1311 1222 1367 et
1246 1306 1324 1383 quod
1340 1311 1427 1366 antea

338 1394 488 1474 optinebat
509 1396 547 1455 et'
561 1394 640 1470 quod
662 1399 764 1471 postea
786 1391 978 1453 desuetudine
998 1392 1202 1453 inumbratum
1222 1392 1260 1451 ab
1281 1390 1426 1470 imperiali

303 1487 320 1542 6
338 1481 468 1543 remedio
490 1480 691 1542 illuminatum
713 1484 766 1542 est.
812 1479 895 1551 Quas
917 1498 953 1538 ex
977 1479 1116 1540 omnibus
1139 1477 1329 1555 antiquorum
1345 1477 1425 1538 insti·
1524 1521 1525 1542 r

337 1567 499 1628 tutionibus
521 1573 550 1628 et
572 1565 727 1646 praecipue
749 1584 786 1624 ex
809 1563 1029 1625 commentariis
1044 1563 1107 1624 Gaii
1127 1564 1220 1626 nostri
1235 1570 1297 1624 tam
1312 1564 1426 1626 institu·
1524 1551 1525 1580 ³

337 1653 450 1715 tionum
474 1671 564 1728 quam
586 1670 687 1712 rerum
709 1649 935 1732 cottidianarum
953 1650 1076 1728 aliisque
1090 1650 1190 1712 multis
1205 1649 1424 1712 commentariis

337 1737 515 1817 compositas
539 1756 607 1799 cum
630 1745 690 1798 tres
712 1736 852 1814 praedicti
873 1736 927 1797 viri
949 1737 1108 1814 prudentes
1123 1736 1210 1797 nobis
1226 1738 1394 1814 optulerunt
1401 1733 1424 1808 ²,

337 1832 366 1886 et
386 1824 515 1902 legimus
538 1831 567 1884 et
589 1823 782 1900 cognorimus
808 1830 838 1884 et
863 1822 1069 1901 plenissimum
1092 1829 1263 1884 nostrarum
1286 1822 1424 1884 constitu·

338 1911 453 1973 tionum
476 1911 567 1970 robur
588 1913 630 1971 eis
653 1909 952 1971 accommodavimus.

304 2003 319 2056 7
402 1997 529 2060 Summa
550 1996 649 2074 itaque
676 2016 731 2074 ope
753 2001 782 2056 et
804 1996 893 2057 alacri
916 1995 1012 2057 studio
1034 1995 1090 2056 has
1111 1997 1193 2074 leges
1215 2002 1331 2056 nostras
1353 1993 1424 2055 acci·

337 2083 396 2162 pite
417 2090 446 2144 et
469 2090 583 2143 vosmet
603 2083 684 2160 ipsos
707 2081 750 2142 sic
767 2081 901 2146 ,eruditos
917 2081 1069 2155 ostendite,
1092 2087 1126 2142 ut
1143 2100 1210 2159 spes
1225 2099 1278 2140 vos
1293 2079 1424 2158 pulcher·

336 2169 413 2230 rima
434 2169 531 2229 foreat
559 2175 621 2228 toto
648 2167 779 2245 legitimo
807 2187 897 2246 opere
919 2167 1047 2245 perfecto
1069 2185 1157 2245 possa
1178 2165 1267 2226 etiam
1289 2172 1423 2226 nostram

337 2253 570 2332 rempublicam
592 2254 623 2312 in
646 2254 778 2331 partibus
800 2254 864 2314 eius
885 2253 970 2313 vobis
992 2249 1166 2313 credendis³
1188 2258 1360 2328 gubernare.

401 2340 476 2401 Data
490 2337 668 2401 undecimo⁴
682 2340 824 2401 kalendas
839 2338 1017 2401 Decembres
1032 2336 1287 2416 Constantinopoli
1301 2335 1422 2398 doinino

337 2435 439 2489 nostro
460 2426 623 2487 Iustiniano
646 2433 786 2505 perpetuo
809 2425 944 2503 Augusto
966 2424 1085 2487 tertium
1108 2426 1239 2486 consule.

406 2581 529 2648 ¹reperti
551 2597 599 2632 om,
625 2579 667 2630 Ba
689 2590 779 2632 contra
805 2577 830 2632 Θ
918 2579 981 2631 ’aie
1004 2578 1061 2629 BU
1079 2595 1136 2630 cum
1165 2575 1197 2642 Θ,
1221 2577 1386 2628 contulonmt
1402 2574 1427 2624 V

336 2651 349 2682 ⁸
365 2651 402 2702 cic
416 2649 496 2714 VUP,
515 2649 668 2702 credendam
686 2649 713 2700 B
782 2649 848 2701 ‘sic
863 2648 941 2713 VPE,
958 2666 977 2699 x
993 2647 1052 2699 BU
