3309 4917
304 401 351 469 IV,
365 402 399 457 18
820 402 880 465 172
1204 420 1241 463 or
1257 417 1394 464 ruscrcrs

303 573 503 653 ‘appellantur
526 594 543 634 a
566 573 639 648 sica,
670 573 749 650 quod
777 573 922 649 significat
949 573 1077 634 ferreum
1105 575 1241 634 cultrum.
1286 571 1393 633 eadem

303 658 385 740 ‘lege
407 669 436 722 et
458 660 578 722 venefici
601 659 694 736 capite
717 660 909 732 damnantur,
938 659 988 735 qui
1016 659 1128 720 artibus
1155 658 1278 732 odiosis,
1307 658 1394 719 tam¹

304 744 440 808 ‘venenis
470 748 517 807 vel
545 746 672 807 susurris
706 745 831 822 magicis
864 745 1002 805 homines
1035 746 1204 806 occiderunt
1234 746 1279 806 vel
1312 746 1394 805 mala

304 829 536 893 ‘medicamenta
557 832 672 910 publice
694 831 897 892 vendiderunt.
932 831 998 891 Alia
1013 832 1119 892 deinde
1132 833 1181 892 lex
1195 830 1394 909 asperrimum

303 916 428 980 ‘crimen
452 938 529 979 nova
551 938 646 996 poena
672 917 871 995 persequitur,
900 936 977 994 quae
998 918 1140 995 Pompeia
1167 918 1203 978 de
1231 917 1394 995 parricidiis

303 1002 447 1066 ‘vocatur
480 1024 538 1082 qua
561 1011 686 1077 cavetur,
709 1010 751 1076 ut,
778 1000 822 1065 ²si
844 1004 910 1082 quis
924 1004 1055 1081 parentis
1070 1013 1121 1064 aut
1135 1003 1185 1067 filii
1201 1009 1252 1063 aut
1268 1003 1393 1065 omnino

303 1087 489 1153 ‘adfectionis
512 1090 588 1165 eius,
619 1109 695 1167 quae
717 1090 938 1166 nuncupatione
959 1089 1104 1167 parricidii
1127 1090 1307 1163 continetur,
1332 1090 1395 1149 fata

303 1174 524 1255 ‘properaverit
548 1177 607 1237 sive
630 1178 707 1237 olam
728 1176 790 1236 sive
812 1177 909 1253 palam
934 1176 963 1236 id
986 1195 1075 1236 ausus
1088 1176 1183 1249 luerit,
1207 1194 1263 1235 nec
1279 1194 1341 1235 non
1357 1176 1393 1248 is,

304 1259 403 1323 ‘cuius
426 1263 492 1323 dolo
514 1264 593 1323 malo
616 1261 645 1322 id
667 1263 776 1323 facturn
800 1270 857 1335 est,
887 1263 932 1323 vel
964 1262 1100 1323 conscius
1127 1261 1257 1323 criminis
1284 1261 1392 1335 existit,

304 1345 386 1410 ‘iicet
408 1356 566 1409 extraneus
589 1349 640 1421 sit,
670 1368 767 1426 poena
788 1347 932 1425 parricidii
954 1348 1091 1426 punietur
1113 1355 1143 1409 et
1168 1368 1265 1425 neque
1292 1347 1395 1426 gladio

304 1432 416 1512 ‘neque
438 1434 555 1512 ignibus
577 1454 673 1511 neque
694 1435 754 1495 ulla
777 1434 834 1495 alia
856 1434 993 1494 sollemni
1015 1454 1111 1512 poena
1137 1434 1309 1507 subicietur,
1342 1434 1395 1493 sed

304 1518 435 1582 ‘insutus
458 1522 551 1582 culleo
574 1540 643 1581 cum
666 1538 740 1581 cane
761 1528 789 1580 et
811 1522 892 1597 gallo
914 1521 1077 1597 gallinaceo
1100 1528 1129 1581 et
1150 1520 1250 1597 vipera
1265 1527 1294 1579 et
1309 1519 1396 1581 simia

305 1604 349 1668 ‘et
370 1608 446 1668 inter
468 1608 530 1667 eius
552 1607 656 1667 ferales
680 1606 833 1685 angustias
856 1607 1104 1683 comprehensus,
1129 1606 1292 1667 secundum
1315 1606 1395 1682 quod

305 1689 449 1771 ‘regionis
471 1693 596 1769 qualitas
618 1691 727 1766 tulerit,
757 1693 802 1752 vel
824 1692 856 1752 in
878 1691 1006 1753 vicinum
1029 1712 1112 1753 mare
1134 1694 1179 1753 vel
1208 1693 1239 1751 in
1273 1710 1394 1752 amnem

305 1775 486 1857 ‘proiciatur,
510 1785 543 1838 ut
565 1778 647 1838 omni
669 1780 885 1839 elementorum
907 1798 964 1838 usu
986 1778 1068 1839 vivus
1091 1798 1190 1839 carere
1209 1777 1328 1855 incipiat
1343 1776 1395 1839 et³

305 1860 347 1925 ‘ei
374 1866 487 1926 caelum
516 1864 675 1943 superstiti,
706 1871 783 1925 terra
809 1871 928 1926 mortuo
956 1866 1114 1927 auferatur.
1159 1864 1185 1925 si
1207 1866 1272 1940 quis
1295 1871 1395 1924 autem

305 1947 393 2011 ‘alias
416 1950 593 2029 cognatione
620 1952 665 2011 vel
692 1952 842 2012 adfinitate
868 1952 1040 2012 coniunctas
1067 1970 1210 2028 personas
1237 1950 1394 2024 necaverit,

307 2033 449 2114 ‘poenam
472 2037 546 2113 legis
568 2036 721 2098 Corneliae
743 2038 779 2099 de
801 2037 912 2098 sicariis
934 2037 1120 2097 sustinebit&
1157 2038 1233 2097 Item
1254 2037 1302 2097 lex
1325 2035 1395 2097 Cor·

306 2119 399 2184 ‘nelia
420 2123 456 2183 de
479 2123 568 2196 falsis,
593 2142 669 2199 quae
691 2124 777 2184 etiarn
795 2124 1015 2185 testamentaria
1030 2130 1159 2196 vocatur,
1182 2142 1310 2200 poenam
1325 2122 1395 2183 irro-

306 2205 374 2287 ‘gat
397 2209 432 2281 ei,
456 2209 506 2285 qui
528 2216 737 2269 testamentum
762 2210 807 2269 vel
830 2210 908 2269 aliud
930 2209 1162 2270 instrumentum
1184 2208 1292 2269 falsum
1308 2208 1396 2285 scrip·

307 2290 392 2354 ‘serit
414 2294 573 2371 signaverit
596 2295 756 2354 recitaverit
779 2295 933 2355 subiecerit
955 2296 1041 2371 quive
1062 2296 1183 2372 signum
1198 2295 1395 2356 adulterinum

307 2375 422 2441 ‘lecerit
444 2378 596 2458 sculpserit
619 2382 794 2456 expresserit
816 2380 913 2442 sciens
941 2381 1008 2441 dolo
1035 2381 1124 2442 malo.
1170 2381 1292 2457 eiusque
1320 2380 1396 2457 legis

308 2462 419 2544 ‘poena
441 2465 472 2525 in
494 2486 594 2527 servos
617 2465 753 2527 ultimum
777 2468 953 2545 supplicium
976 2474 1021 2527 est
1029 2467 1051 2540 ⁵,
1075 2468 1153 2545 quod
1177 2474 1206 2527 et
1227 2466 1258 2527 in
1277 2468 1344 2545 lege
1360 2466 1397 2525 de

307 2548 435 2614 ‘sicariis
458 2560 487 2613 et
511 2553 644 2613 veneficis
666 2560 807 2626 servatur,
831 2554 863 2614 in
886 2554 993 2614 liberos
1015 2573 1084 2614 vero
1107 2552 1280 2631 deportatio.
1323 2554 1396 2613 ltern'

306 2634 368 2699 ‘lex
390 2639 463 2699 lulia
485 2640 521 2700 de
541 2639 568 2698 vi
590 2640 706 2717 publica
728 2658 780 2700 seu
803 2640 915 2716 privata
937 2641 1076 2700 adversus
1099 2660 1150 2701 eos
1173 2639 1320 2711 exoritur,
1344 2638 1397 2715 qui

307 2720 381 2785 ‘vim
404 2726 450 2786 vel
472 2731 617 2785 armatam
640 2726 684 2786 vel
707 2725 770 2786 sine
792 2727 883 2787 armis
906 2726 1117 2787 commiserint.
1153 2726 1205 2785 sed
1228 2725 1252 2785 si
1275 2724 1396 2802 quidem

306 2806 501 2871 ‘armabaris
524 2818 674 2888 arguatur,
699 2812 861 2889 deportatio
883 2812 909 2873 ei
932 2832 969 2873 ex
991 2814 1057 2889 lege
1076 2811 1148 2872 lulia
1170 2812 1206 2872 de
1229 2811 1256 2871 vi
1278 2810 1395 2889 publica

307 2892 481 2972 ‘irrogaturz
516 2898 539 2957 si
569 2916 637 2958 vero
669 2897 731 2957 sine
761 2897 864 2971 armis,
896 2899 925 2958 in
955 2899 1071 2958 tertiam
1100 2904 1213 2975 partem
1243 2898 1392 2958 bonorum

306 2978 478 3059 ‘publicatio
501 2983 669 3065 imponitur.
705 2983 751 3043 sin
782 2991 882 3045 autem
912 2984 1045 3061 pervim
1072 2990 1173 3062 raptus
1200 2984 1320 3060 virginis
1350 2983 1395 3042 vel

307 3064 426 3129 ‘viduae
449 3069 492 3129 vel
517 3070 747 3131 sanctimonialis
769 3072 814 3131 vel
837 3071 911 3130 aliae
933 3070 1020 3130 luerit
1041 3077 1239 3148 perpetratus,
1269 3077 1342 3130 tunc
1365 3076 1394 3129 et

307 3151 489 3231 ‘peccatores
511 3162 540 3215 et
562 3156 597 3228 ei,
622 3155 671 3233 qui
694 3175 780 3231 opem
803 3156 913 3233 tlagitio
936 3156 1087 3229 dederunt,
1115 3156 1208 3234 capite
1231 3155 1396 3233 puniuntur·

307 3236 486 3301 ‘secundum
510 3250 629 3302 nostrae
655 3238 894 3303 constitutionis⁶
923 3242 1137 3315 definitionem,
1168 3262 1205 3303 ex
1235 3262 1294 3320 qua
1320 3242 1395 3301 haec

308 3323 451 3405 ‘apertius
473 3328 611 3404 possibile
634 3336 678 3389 est
700 3328 784 3389 scire.
816 3329 878 3389 Lex
893 3328 963 3388 lulia
986 3330 1137 3405 peculatus
1160 3348 1211 3389 eos
1227 3327 1320 3405 punit,
1345 3326 1396 3403 qui

308 3409 479 3489 ‘pecuniam
502 3415 546 3475 vel
568 3434 631 3474 rem
654 3414 802 3492 publicam
825 3416 871 3475 vel
900 3434 1016 3475 sacram
1039 3416 1085 3475 vel
1111 3413 1281 3491 religiosam
1307 3412 1397 3472 furati
1451 3470 1455 3476 ,

307 3494 438 3560 ‘fuerint
486 3498 557 3560 ‘'sed
579 3499 603 3561 si
626 3500 744 3577 quidem
767 3500 821 3578 ipsi
845 3501 953 3561 iudices
976 3507 1108 3579 tempore
1130 3496 1396 3559 administrationis

308 3579 454 3661 ‘publicas
470 3587 610 3662 pecunias
626 3588 845 3661 subtraxerunt,
869 3587 983 3663 capitali
1000 3585 1253 3647 animadversione
1268 3583 1397 3661 puniun-

307 3665 384 3743 ‘tur,
408 3678 437 3731 et
458 3688 520 3731 non
543 3674 639 3733 solum
662 3672 707 3746 hi,
737 3674 788 3733 sed
811 3673 900 3733 etiam
923 3673 973 3750 qui
995 3671 1189 3732 ministerium
1212 3669 1253 3730 eis
1277 3670 1314 3731 ad
1337 3671 1396 3731 hoc

308 3751 521 3817 ‘adhibuerunt
543 3760 588 3818 vel
611 3758 660 3835 qui
683 3760 834 3820 subtracta
855 3760 892 3818 ab
916 3760 962 3819 his
978 3759 1101 3819 scientes
1117 3764 1324 3834 susceperunt:
1348 3756 1395 3816 alii

380 3908 471 3979 ²tam]
490 3910 549 3977 Ad,
573 3912 667 3976 om.B,
689 3913 901 3978 tam..magicis
919 3910 1006 3964 onaR
1081 3910 1132 3961 ²si
1155 3911 1398 3977 quis..auferatur

308 3998 339 4033 erc
358 3979 420 4033 coa.
433 3979 534 4047 9,17,1
608 3980 671 4049 ⁸et]
690 3980 749 4047 BA,
767 3989 798 4033 ut
815 3982 841 4031 B
861 3980 923 4033 0001.
988 3979 1053 4030 ‘sio
1071 3979 1102 4045 P,
1121 3981 1239 4033 subsistit
1258 3980 1318 4044 RB,
1337 3981 1398 4031 sub-

309 4052 431 4101 stituatur
449 4050 474 4101 A
530 4048 606 4117 lest]
624 4051 658 4115 E,
676 4058 702 4101 st
720 4050 751 4115 R,
770 4067 819 4102 ona.
833 4050 885 4101 AB
938 4046 1146 4114 ⁸00a.9,13‚1
1202 4051 1398 4101 ⁷sed...sus-

308 4116 440 4185 ccparunt]
461 4120 530 4187 conf.
545 4120 607 4171 dod.
620 4118 644 4184 9,
655 4116 721 4183 28,1
