3309 4917
269 459 307 505 rr
322 457 531 535 conoucrroua
782 440 844 502 125
1210 439 1260 504 111,
1273 439 1315 494 24.
1324 440 1358 495 25

270 609 382 673 *autem
405 610 583 672 locationem
606 617 634 670 et
649 611 885 674 conductionem.
916 613 968 674 sed
984 613 1092 692 placuit
1106 620 1222 674 tantum
1237 612 1359 692 emptio-

269 693 355 758 lnem
383 705 411 758 et
440 696 637 757 venditionem
667 697 808 759 contrahi.
843 694 980 776 <quodsi>
1008 719 1097 760 suum
1129 718 1237 760 aurum
1263 699 1358 759 Titius

269 780 395 844 *dederit
417 782 551 849 mercede
574 802 627 861 pro
651 802 740 860 opera
763 783 946 860 constituta,4
970 782 1109 846 <dubium
1131 792 1262 861 nonest,
1287 786 1358 863 quin

266 870 374 931 locatio
398 876 426 929 et
448 869 603 931 conductio
627 864 688 930 sit.>
1267 922 1270 926 .

281 998 283 1003 ·
333 954 503 1016 Conductor
525 954 625 1015 omnia
648 954 810 1016 secundum
832 956 928 1033 legem
944 956 1147 1017 conductionis
1161 955 1257 1016 facere
1272 956 1358 1017 dehet
1375 963 1393 1017 5

267 1048 304 1116 et,
332 1042 357 1101 si
380 1040 449 1117 quid
472 1041 503 1100 in
525 1040 592 1119 lege
615 1040 856 1117 praetermissum
878 1042 973 1117 luerit,
1000 1043 1030 1102 id
1051 1063 1088 1103 ex
1110 1044 1190 1103 hono
1212 1048 1241 1101 et
1262 1060 1357 1118 aequo

267 1128 354 1188 dehet
383 1136 542 1205 praestare.
589 1126 639 1204 qui
665 1146 718 1204 pro
741 1146 797 1187 usu
826 1134 878 1188 aut
899 1128 1143 1190 vestimentorum
1165 1134 1216 1188 aut
1242 1128 1358 1205 argenti

267 1220 317 1275 aut
339 1214 466 1274 iumenti
487 1214 656 1274 mercedem
679 1219 730 1273 aut
753 1212 832 1273 dedit
853 1221 904 1274 aut
927 1215 1077 1292 promisit,
1106 1215 1144 1274 ah
1167 1233 1202 1274 eo
1224 1213 1357 1275 custodia

265 1300 333 1361 talis
365 1299 560 1372 desideratur,
595 1299 714 1375 qualem
747 1298 987 1375 diligentissimus
1021 1307 1102 1379 pater
1134 1300 1260 1360 familias
1295 1300 1357 1360 suis

265 1388 353 1447 rebus
377 1386 507 1448 adhibet.
553 1404 642 1462 quam
667 1384 691 1445 si
719 1385 894 1463 praestiterit
919 1396 948 1447 et
970 1387 1068 1463 aliquo
1095 1405 1165 1447 casu
1192 1405 1257 1445 rem
1285 1386 1355 1445 ami·

266 1472 344 1546 serit,
370 1471 406 1532 de
428 1470 608 1532 restituenda
631 1490 743 1531 canon
763 1472 919 1535 tenebitur.
954 1474 1070 1533 Mortuo
1086 1472 1264 1532 conductore
1278 1471 1356 1531 intra
1373 1479 1391 1532 6

266 1563 402 1635 tempora
425 1557 628 1618 conductionis
651 1557 737 1617 heres
761 1558 823 1618 eius
846 1560 950 1619 codem
977 1558 1040 1619 iure
1068 1558 1099 1617 in
1126 1556 1355 1618 conductionem

264 1643 403 1705 succedit.

761 1762 858 1822 XXV1

670 1862 717 1915 DE
736 1860 947 1916 SOCIETA'PE.

330 1964 543 2029 ²*Societatem
566 1967 644 2028 coire
666 1970 798 2027 solemus
820 1975 871 2028 aut
893 1975 1023 2029 totorum
1052 1964 1232 2043 honorum,⁴
1260 1987 1351 2044 quam

264 2052 365 2121 Graeci
389 2054 551 2131 specialiter
573 2054 801 2135 κοινοπραξίαν
828 2055 991 2132 appellant,
1022 2050 1087 2115 *aut
1113 2054 1202 2114 unius
1229 2054 1352 2115 alicuius

265 2136 502 2218 *negotiationis
537 2140 624 2201 veluti
651 2140 869 2218 mancipiorum
897 2140 1091 2201 emendorum
1117 2139 1351 2201 vendendorum-

263 2221 361 2303 *quef
385 2234 436 2287 aut
459 2226 514 2287 clei
538 2225 598 2285 vini
620 2226 760 2287 frumenti
783 2226 900 2287 emendi
922 2226 1134 2304 vendendique.
1172 2226 1209 2286 Et
1231 2226 1349 2303 quidem
1371 2235 1384 2289 1

262 2312 286 2372 si
309 2313 381 2373 nihil
405 2314 441 2373 de
456 2312 587 2391 partibus
603 2313 675 2374 lucri
691 2320 719 2373 et
735 2313 836 2373 damni
852 2313 1029 2373 nominatim
1045 2312 1222 2385 convenerit,
1245 2332 1350 2389 aequa·

261 2398 303 2458 les
327 2399 435 2460 scilicet
457 2406 555 2478 partes
578 2406 606 2459 et
628 2400 658 2458 in
681 2400 763 2459 lucro
791 2406 819 2460 et
845 2399 876 2459 in
906 2400 1016 2459 damno
1045 2406 1225 2477 spectantur.
1271 2400 1349 2476 quod

261 2484 285 2544 si
309 2504 466 2563 expressae
488 2485 596 2546 fuerint
618 2483 745 2562 partcs³‚
769 2486 827 2545 hae
849 2486 959 2545 servari
973 2485 1096 2545 dehent:
1119 2505 1174 2545 nec
1189 2484 1268 2544 enim
1284 2504 1348 2544 um-

261 2590 350 2646 quam
374 2572 497 2632 dubium
520 2570 581 2644 luit,
606 2570 677 2647 quin
701 2572 795 2630 valcat
817 2571 983 2644 conventio,
1008 2570 1033 2630 si
1055 2570 1114 2630 duo
1135 2570 1211 2630 inter
1226 2589 1257 2629 se
1272 2569 1350 2647 pacti

261 2663 345 2735 suut,
369 2665 402 2718 ut
429 2658 467 2717 ad
489 2676 583 2718 unum
607 2656 725 2733 quidem
748 2656 822 2716 duae
845 2663 943 2733 partes
965 2663 994 2716 et
1016 2656 1117 2715 damni
1140 2662 1169 2715 et
1189 2655 1263 2715 lucri
1286 2675 1348 2733 per·

259 2742 381 2817 tineent,
406 2744 443 2803 ad
467 2744 558 2803 alium
580 2742 672 2804 tertia.
714 2740 775 2802 4[lc
797 2741 847 2801 illa
869 2761 942 2802 sane
964 2742 1160 2802 conventione
1182 2741 1347 2817 quaesitum
1365 2748 1383 2802 2

259 2836 312 2902 est,
336 2829 360 2888 si
383 2829 478 2888 Titius
500 2836 529 2889 et
551 2828 635 2889 Seius
658 2828 734 2888 inter
756 2847 788 2889 se
810 2829 887 2905 pacti
909 2835 992 2902 sunt,
1020 2836 1054 2888 ut
1074 2829 1113 2888 ad
1135 2826 1246 2888 Titium
1274 2827 1347 2887 lucri

259 2912 334 2973 duae
362 2920 459 2990 partes
487 2914 664 2991 pertineant,
696 2914 797 2975 damni
823 2914 922 2988 tertia,
954 2915 991 2974 ad
1014 2913 1117 2975 Seium
1145 2913 1220 2973 duae
1250 2920 1348 2990 partes

258 2998 375 3071 damni,
406 2999 478 3059 lucri
501 2999 598 3073 tertia,
627 3008 752 3059 aurata
775 3000 984 3061 dehethaheri
1007 2998 1182 3060 conventio?
1219 2998 1347 3071 Quintus

257 3082 372 3144 Mucius
396 3093 500 3145 contra
521 3092 659 3145 naturam
682 3085 829 3146 societatis
852 3087 941 3146 talem
964 3085 1130 3164 pactionem
1159 3104 1225 3146 esse
1252 3084 1347 3145 existi-

258 3170 350 3230 mavit
373 3178 402 3231 et
425 3171 462 3230 oh
486 3171 514 3233 id
537 3190 599 3231 non
622 3190 688 3231 esse
710 3178 805 3232 ratam
828 3171 1008 3233 hahendam.
1049 3172 1167 3233 Servius
1189 3170 1346 3249 Sulpicius,

259 3255 342 3317 cuius
366 3257 510 3318 sententia
533 3257 703 3335 praevaluit,
727 3265 831 3317 contra
853 3258 950 3332 sentit,
975 3257 1043 3335 quia
1057 3278 1145 3335 saepe
1160 3257 1348 3335 quorundam

257 3342 299 3403 ita
321 3343 450 3421 pretiosa
473 3350 517 3403 est
540 3362 630 3421 opera
651 3342 682 3403 in
705 3342 874 3417 societate⁵‚
902 3351 934 3404 ut
957 3363 1008 3405 eos
1030 3343 1140 3404 iustum
1163 3344 1201 3405 sit
1227 3343 1348 3403 meliore

257 3428 430 3490 condicione
452 3429 482 3489 in
507 3430 675 3490 societatem
699 3430 825 3490 admitti:
849 3450 922 3489 nam
944 3437 972 3491 et
994 3430 1034 3490 ita
1056 3430 1126 3490 coiri
1147 3449 1236 3507 posse
1258 3428 1348 3489 socie·

256 3521 347 3575 tatem
370 3534 433 3576 non
456 3515 619 3589 dubitatur,
654 3523 687 3576 ut
713 3517 786 3576 alter
817 3516 975 3595 pecuniam
1004 3516 1147 3590 conferat,
1181 3518 1255 3577 alter
1284 3534 1347 3575 non

257 3602 389 3661 conferat
412 3609 440 3663 et
463 3609 563 3663 tamen
586 3603 703 3662 lucrum
725 3602 801 3662 inter
823 3622 875 3663 eos
897 3622 1057 3663 commune
1084 3601 1133 3677 sit,
1163 3602 1232 3679 quia
1260 3620 1347 3679 saepe

258 3705 348 3763 opera
371 3687 495 3748 alicuius
519 3707 571 3766 pro
594 3688 718 3765 pecunia
740 3688 825 3749 valet.
865 3695 893 3749 et
915 3688 988 3749 adeo
1011 3693 1114 3749 contra
1136 3688 1237 3761 Quinti
1259 3687 1347 3748 Mucii

258 3773 436 3833 sententiam
461 3774 594 3852 optinuit,
619 3781 652 3835 ut
674 3773 744 3835 illud
767 3793 885 3851 quoque
900 3773 1061 3835 constiterit
1074 3794 1164 3853 posse
1180 3772 1346 3845 convenire,

255 3865 288 3918 ut
312 3858 378 3934 quis
399 3860 475 3919 lucri
497 3868 612 3937 partem
627 3860 710 3933 ferat,
733 3861 844 3920 damno
860 3879 921 3919 non
939 3867 1085 3933 tencatur,
1109 3861 1187 3937 quod
1203 3866 1232 3919 ct
1245 3857 1344 3935 ipsum

256 3944 376 4004 Servius
400 3945 608 4005 convenienter
631 3945 686 4006 sihi
708 3945 901 4007 existimavit:
931 3945 1010 4022 quod
1032 3953 1131 4007 tamen
1153 3945 1194 4006 ita
1215 3942 1344 4019 intellegi

326 4078 964 4149 1oflcat3‚148..1541)tp.17‚2uou.4,37
1019 4078 1199 4147 ¹uat.3‚148
1256 4080 1343 4147 ⁸par·

254 4157 293 4202 tes
311 4166 359 4201 om.
372 4150 398 4201 B
470 4150 533 4218 ⁴0f.
545 4151 604 4205 (tat.
614 4148 638 4215 3,
649 4149 699 4203 149
771 4152 836 4203 ‘uic
854 4151 911 4217 Pu,
929 4153 1077 4205 societatem
1095 4150 1121 4201 B
