3309 4917
291 403 313 470 1,
325 403 429 459 17-19
730 393 982 498 -gd—ne
1000 423 1096 468 neom.
1113 423 1244 469 Parnon.
1261 425 1381 470 rorem

294 574 461 651 *tationem
484 585 573 654 atque
594 575 620 636 si
635 574 730 636 verbis
745 575 821 654 legis
837 575 1002 638 introducta
1024 583 1109 639 esset.
1142 597 1177 639 eo
1200 577 1281 639 enim
1303 578 1378 657 ipso,

294 661 389 740 *quo¹
411 663 586 724 hereditates
607 661 780 722 libertorum
802 662 1048 740 libertorumque,
1079 663 1104 724 si
1132 663 1261 725 intestati
1283 664 1380 726 deces-

294 746 429 823 *sissent,
460 748 586 810 iusserat
613 749 661 809 lex
689 747 726 807 ad
752 753 893 828 patronos
920 749 1065 810 liberosve
1096 767 1198 810 eorum
1222 751 1378 829 pertinere,

294 832 494 896 *erediderunt
515 842 627 896 veteres
649 833 775 895 voluisse
796 835 895 912 legem
916 834 1004 895 etiam
1026 836 1132 896 tutelas
1162 837 1199 897 ad
1222 855 1272 898 eos
1295 838 1380 915 perti·

294 918 389 994 *nera
413 940 483 983 cnm
505 928 535 982 et
556 921 711 999 adgnatos,
734 939 809 997 quos
832 921 870 981 ad
885 921 1076 983 hereditatem
1091 929 1184 996 vocat,
1208 923 1329 984 eosdem
1351 930 1380 984 et

290 1005 419 1068 ·*tutores
445 1027 511 1068 esse
532 1003 630 1068 iussit*
654 1003 703 1067 eta
725 1007 794 1084 quia
815 1009 1002 1085 plerumque,
1031 1007 1083 1068 ubi
1112 1008 1306 1069 successionis
1335 1016 1380 1070 est

291 1093 536 1167 emolumentum,
560 1092 601 1152 ibi
622 1100 652 1154 et
670 1093 777 1153 tutelae
799 1112 876 1153 onus
898 1113 964 1154 esse
978 1094 1073 1155 debet.
1102 1093 1167 1154 ideo
1190 1101 1289 1156 autern
1309 1094 1379 1156 dixi·

290 1198 360 1240 mus
380 1181 563 1258 plerumque,
586 1178 664 1256 quia,
687 1178 713 1238 si
732 1198 751 1238 a
772 1179 883 1239 femina
903 1179 1038 1258 impubes
1060 1180 1293 1254 manumittatur,
1316 1179 1380 1259 ipsa

291 1266 330 1325 ad
351 1264 542 1327 hereditatem
565 1273 695 1338 vocatur,
718 1282 788 1325 cum
809 1265 885 1326 alius
908 1264 974 1326 est³
996 1273 1083 1327 tutor.

779 1522 891 1583 XVIII*

505 1639 553 1696 DE
571 1639 751 1695 LEGITIMA
768 1639 990 1696 PARENTIUM
1008 1638 1162 1695 TUTELA.

357 1766 499 1843 Exemplo
514 1773 707 1843 patronorum
723 1772 839 1842 recepta
860 1772 906 1825 est
927 1771 956 1826 et
970 1764 1028 1825 alia
1043 1766 1142 1838 tutela,
1167 1783 1242 1840 quae
1264 1770 1293 1823 et
1313 1761 1379 1841 ipsa

290 1853 423 1932 legitima
439 1858 574 1920 runcatur.
611 1871 683 1912 narn
706 1851 730 1912 si
752 1852 819 1928 quis
841 1851 932 1912 filium
962 1858 1012 1912 aut
1034 1851 1138 1923 filiam,
1168 1857 1306 1927 nepotem
1328 1857 1379 1909 aut

255 1960 259 1966 ·
290 1947 409 2018 neptem
431 1958 468 2000 ex
490 1937 549 1999 filio
571 1945 600 2000 et
622 1938 758 2017 deinceps
780 1937 948 2015 impuberes
970 1935 1205 2015 emancipaverit,
1229 1934 1379 2014 legitimus

289 2046 394 2091 eorum
416 2031 496 2086 tutor
516 2024 579 2086 erit.
1074 2025 1076 2028 ’

789 2206 877 2268 x1x⁵

607 2323 656 2380 DE
674 2321 888 2380 FIDUOIARIA
906 2322 1061 2378 Turnat.

356 2452 410 2512 Est
431 2457 460 2511 et
482 2449 539 2510 alia
554 2448 653 2521 tutela,
677 2467 753 2524 quae
768 2447 918 2517 fiduciaria
933 2448 1103 2524 appellatur.
1136 2465 1208 2508 nam
1231 2447 1256 2508 si
1271 2467 1379 2526 parens

291 2539 385 2599 filium
409 2537 453 2596 vel
475 2535 580 2606 filiam,
610 2540 747 2612 nepotem
769 2534 814 2593 vel
837 2525 956 2610 neptem
980 2531 1030 2593 etl
1051 2533 1188 2611 deinceps
1210 2533 1379 2613 impuberes

291 2622 507 2694 manumiserit,
523 2618 685 2698 legitimam
700 2619 880 2679 nanciscitur
893 2637 997 2680 eorum
1011 2619 1147 2680 tutelam:
1170 2639 1229 2696 quo
1241 2621 1379 2684 delimato

292 2709 317 2770 si
339 2706 423 2769 liberi
445 2706 534 2766 virilis
557 2723 647 2765 sexus
670 2710 786 2777 extant,
810 2703 951 2764 fiduciarii
972 2710 1082 2764 tutores
1105 2703 1232 2765 liliorum
1255 2725 1379 2770 snorum

252 2816 254 2821 ·
290 2795 335 2856 vel
350 2793 447 2857 fratris
464 2793 510 2851 vel
529 2790 638 2852 sororis
653 2797 682 2850 et
697 2796 861 2850 ceterorum
876 2788 1050 2850 efficiuntur.
1074 2789 1154 2866 atqui
1168 2799 1294 2869 patrono
1309 2793 1379 2871 legi·

290 2881 364 2942 timo
392 2885 486 2939 tutore
512 2883 631 2937 mortuo
661 2875 744 2936 liberi
770 2894 889 2952 quoque
916 2875 978 2936 eius
1004 2875 1126 2953 legitimi
1155 2885 1225 2946 sunt
1250 2885 1378 2942 tutores:

290 2958 433 3044 quoniam
465 2963 542 3024 silius
572 2961 691 3039 quidem
722 2961 864 3034 defuncti,
900 2960 924 3022 si
956 2980 1018 3022 non
1051 2970 1128 3023 esset
1161 2963 1270 3028 avivo
1291 2973 1380 3042 patre

291 3050 504 3128 emancipatus
528 3055 595 3126 post
609 3048 722 3109 obitum
737 3049 800 3108 eius
816 3047 862 3108 sui
876 3047 947 3108 iuris
963 3047 1123 3108 efficeretur
1138 3049 1239 3108 necin
1254 3049 1379 3110 fratrum

291 3142 467 3214 potestatem
489 3135 628 3197 recideret
649 3133 773 3211 ideoque
795 3153 851 3195 nec
874 3133 905 3194 in
927 3133 1063 3206 tutelam,
1087 3133 1208 3192 libertus
1231 3141 1331 3193 autem
1354 3134 1379 3193 si

292 3241 394 3282 servus
416 3220 600 3292 mansisset,
614 3219 715 3298 utique
737 3220 842 3281 eodem
863 3219 926 3279 iure
948 3217 1026 3295 apud
1048 3217 1155 3276 liberos
1177 3217 1290 3277 domini
1312 3226 1379 3296 post

291 3314 419 3368 mortem
441 3305 504 3366 eius
526 3305 642 3366 futurus
664 3313 751 3367 esset.
781 3301 836 3366 <ita
858 3311 958 3364 tamen
981 3301 1000 3360 ii
1022 3303 1059 3361 ad
1081 3303 1201 3362 tutelam
1226 3311 1376 3378 vocantur,

289 3387 333 3452 “si
348 3392 493 3469 perfectae
515 3392 618 3453 aetatis
640 3392 707 3455 sint.
732 3391 810 3469 quod
829 3396 930 3450 nostra
946 3387 1135 3466 constitutiol
1149 3389 1325 3466 generaliter
1347 3390 1378 3451 in

285 3473 448 3547 x‘omnibus
469 3477 567 3539 tutelis
589 3485 618 3546 et
639 3478 840 3540 curationibus
862 3472 1010 3536 observari
1032 3470 1203 3553 praecepit?
1280 3535 1281 3541 ,
1316 3517 1339 3547 .;

363 3646 373 3676 ¹
391 3649 460 3712 quod
479 3647 538 3700 dett.
619 3649 630 3680 ²
647 3646 682 3714 et]
700 3648 738 3712 B,
760 3665 808 3700 om.
829 3648 881 3698 PE
963 3646 975 3677 ⁸
994 3643 1041 3712 est]
1059 3646 1097 3711 B,
1118 3649 1167 3699 erit
1183 3647 1236 3716 PE
1306 3648 1318 3680 ⁴
1337 3645 1378 3713 Of.

293 3714 352 3766 Gai.
374 3713 459 3778 1‚175
477 3716 537 3783 Dip.
555 3714 661 3784 26,4‚3
678 3715 737 3778 §10
812 3718 822 3748 ⁵
843 3714 883 3779 df.
909 3716 968 3768 Gai.
989 3713 1142 3782 1,166.175
1161 3715 1221 3784 Dip.
1240 3713 1282 3782 26,
1291 3715 1316 3782 4,
1326 3715 1379 3768 3.4

287 3783 303 3849 ‚⁸
322 3780 358 3850 ct]
375 3783 434 3849 BP,
451 3786 494 3843 vel
510 3786 539 3836 Ε
624 3787 635 3817 ⁷
654 3784 716 3837 Oocl.
735 3784 760 3851 5,
770 3782 838 3851 30,5
1084 3819 1085 3824 =
1295 3819 1297 3826 ι
