3309 4917
297 472 394 540 111,25
736 478 945 573 —12-[5—
1164 495 1203 539 oa
1218 495 1384 542 socmrara

299 652 423 724 oportet,
446 651 488 720 nt,
511 645 589 707 siin
612 646 762 725 aliquare
784 650 911 722 lucrum,
935 649 966 709 in
988 648 1085 727 aliqua
1101 648 1246 709 damnum
1261 650 1384 711 allatum

299 731 346 807 sit,
370 732 611 811 compensatione
633 733 709 794 facta
731 736 830 795 solum
852 734 933 811 quod
954 740 1088 812 superest
1109 734 1298 813 intellegatur
1312 736 1386 796 lucri

263 822 280 879 3
299 836 373 879 esse.
408 818 483 878 Illud
505 818 674 897 expeditum
696 826 750 893 est,
774 820 798 880 si
820 820 851 880 in
873 840 934 881 una
950 839 1039 881 causa
1054 839 1122 898 pars
1138 820 1224 881 fuerit
1236 839 1384 898 expressa,

299 904 387 964 veluti
409 903 441 964 in
463 904 527 965 solo
550 906 632 967 lucro
657 907 702 966 vel
722 906 752 967 in
776 908 841 967 solo
864 906 984 980 damno,
1007 906 1039 965 in
1061 907 1152 967 altera
1173 926 1242 967 vero
1259 906 1384 968 omissa:

298 989 329 1049 in
353 1008 388 1050 eo
411 1009 530 1069 quoque
552 992 631 1068 quod
653 993 894 1069 praetermissum
916 1000 961 1054 est
982 992 1107 1054 eandem
1129 999 1245 1069 partem
1266 994 1384 1055 servari.

263 1071 432 1137 4¹*Manet
454 1084 554 1138 autem
576 1078 699 1138 societas
728 1098 762 1139 eo
788 1098 896 1155 usque,
927 1079 1021 1139 donec
1047 1078 1078 1138 in
1105 1077 1209 1138 eodem
1238 1097 1386 1140 consensu

298 1156 575 1239 *perseveraverintz
598 1170 628 1223 at
650 1182 718 1224 cum
741 1164 846 1241 aliquis
868 1165 1078 1225 renuntiaverit
1099 1164 1238 1237 societati,
1263 1165 1385 1225 solvitur

298 1242 448 1309 *societas
487 1249 538 1310 sed
561 1250 649 1327 plane
671 1250 696 1309 si
718 1251 784 1327 quis
806 1249 909 1311 callide
931 1250 961 1310 in
984 1251 1041 1311 hoc
1064 1249 1273 1311 renuntiaverit
1296 1252 1385 1312 socie·

297 1328 373 1407 *tati
397 1340 430 1394 nt
452 1333 612 1396 obveniens
635 1335 752 1412 aliquod
772 1338 888 1396 lucrum
911 1336 992 1397 solus
1014 1336 1131 1409 habeat,
1155 1336 1243 1397 veluti
1265 1336 1290 1396 si
1312 1342 1385 1396 toto·

298 1415 379 1479 *rum
403 1419 551 1481 bonorum
574 1421 683 1495 socius,
715 1440 784 1482 curn
807 1423 845 1482 ah
868 1422 967 1499 aliquo
989 1423 1076 1482 heres
1099 1428 1176 1482 esset
1198 1422 1330 1496 relictnS,
1354 1422 1385 1483 in

297 1501 369 1565 *hoc
399 1506 608 1567 renuntiaverit
634 1508 778 1581 societati,
805 1515 839 1568 ut
865 1508 1058 1568 hereditatem
1085 1508 1166 1569 solus
1192 1508 1384 1582 lucrifaceret,

297 1588 426 1667 *cogitur
454 1592 512 1651 hoc
537 1593 653 1652 lucrum
680 1594 913 1655 communicare:
944 1593 969 1654 si
995 1592 1065 1670 quid
1094 1614 1162 1654 vero
1191 1593 1270 1654 aliud
1300 1595 1385 1655 lucri·

297 1671 428 1749 *laceret
453 1677 532 1752 quod
547 1697 609 1737 non
625 1680 791 1755 captaverit,
815 1681 853 1739 ad
871 1680 968 1757 ipsum
984 1680 1081 1740 solum
1098 1680 1237 1757 pertinet:
1262 1680 1288 1740 ei
1305 1699 1383 1754 vero,

298 1758 360 1823 *cui
381 1762 583 1823 renuntiatum
605 1769 659 1837 est,
683 1765 823 1842 quidquid
847 1765 970 1826 omnino
993 1772 1060 1843 post
1079 1766 1278 1825 renuntiatam
1295 1766 1385 1826 socie-

262 1844 405 1910 statem
437 1848 613 1924 adquiritur,
645 1851 700 1910 soli
729 1852 907 1912 conceditur.
956 1850 1104 1912 ¹Solvitur
1135 1852 1232 1912 adhuc
1260 1852 1385 1912 societas

299 1930 404 1994 “etiam
427 1941 522 1995 morte
544 1935 628 2009 socii,
656 1936 724 2012 quia
746 1938 797 2013 qui
819 1938 991 1998 societatem
1013 1938 1162 1998 contrahit
1183 1944 1294 1998 certam
1323 1958 1385 2015 per-

297 2015 420 2080 *sonam
445 2020 500 2081 sibi
523 2018 630 2099 eligit*
655 2020 726 2083 ²sed
749 2030 778 2083 et
801 2023 825 2083 si
848 2042 996 2084 consensu
1019 2023 1148 2101 plurium
1170 2024 1295 2084 societas
1310 2024 1385 2084 coita

296 2106 343 2180 sit,
369 2114 465 2167 morte
487 2106 576 2166 unius
599 2108 669 2168 socii
692 2108 823 2185 solvitur,
848 2110 903 2170 etsi
924 2110 1023 2187 plnres
1045 2109 1203 2186 supersint,
1227 2110 1284 2169 nisi
1307 2110 1332 2169 si
1353 2110 1384 2169 in

259 2192 430 2253 dcoeuuda
453 2191 591 2253 societate
613 2193 697 2253 aliter
719 2195 897 2255 convenerit.
945 2191 1036 2255 'Item
1059 2195 1084 2254 si
1105 2194 1229 2254 alicuius
1251 2195 1293 2255 rei
1316 2214 1384 2255 con·

295 2285 388 2338 tracta
409 2278 532 2338 societas
555 2277 592 2338 sit
614 2285 643 2339 et
668 2279 735 2339 finis
750 2280 869 2357 negotio
890 2279 1044 2357 impositus
1059 2286 1113 2352 est,
1136 2280 1237 2340 finitur
1251 2280 1384 2341 societas.

260 2361 521 2424 7²Publicatione
543 2383 660 2441 quoque
683 2364 805 2425 distrahi
827 2365 995 2426 societatem
1019 2365 1208 2426 manifestum
1232 2373 1289 2440 cst,
1312 2366 1385 2428 scili-

295 2456 342 2510 cet
364 2450 389 2509 si
411 2450 548 2510 universa
570 2451 649 2511 bona
672 2450 741 2512 socii
764 2451 963 2529 publicentur:
986 2471 1057 2512 nam
1073 2472 1142 2512 cum
1157 2452 1187 2512 in
1204 2452 1267 2513 eius
1285 2454 1385 2515 locum

259 2540 277 2596 8
295 2536 370 2596 alius
386 2535 522 2610 succedit,
546 2556 599 2615 pro
615 2545 733 2598 mortuo
748 2538 883 2597 hahetur.
920 2535 1012 2600 ³Item
1028 2538 1053 2598 si
1068 2538 1134 2615 quis
1149 2558 1186 2599 ex
1204 2538 1291 2599 sociis
1306 2540 1385 2599 mole

297 2621 385 2683 debiti
406 2629 616 2700 praegravatus
644 2624 729 2684 bonis
756 2624 817 2684 suis
844 2624 962 2684 cesserit
984 2632 1013 2684 et
1038 2623 1104 2685 ideo
1126 2632 1246 2702 propter
1267 2625 1384 2701 publica

296 2715 347 2768 ant
362 2715 482 2785 propter
495 2708 608 2785 privata
623 2707 720 2769 dehita
735 2710 900 2769 substantia
913 2710 975 2771 eius
987 2716 1099 2783 veneat,
1116 2710 1238 2770 solvitur
1249 2709 1383 2771 societas.

296 2793 348 2855 sed
370 2793 427 2853 hoc
450 2812 520 2853 casu
543 2793 568 2854 si
590 2793 687 2856 adhuc
707 2796 896 2856 consentiant
917 2796 947 2856 in
970 2796 1149 2870 societatem,
1172 2815 1249 2856 nova
1271 2795 1384 2857 videtur

260 2885 277 2941 9
295 2880 422 2958 incipere
444 2880 576 2941 societas
607 2880 711 2941 Socius
733 2881 812 2942 socio
835 2888 936 2942 utrum
955 2901 990 2942 eo
1006 2882 1127 2943 nomine
1149 2888 1266 2942 tantum
1288 2890 1384 2944 tenea·

295 2974 344 3026 tur
366 2985 419 3043 pro
442 2965 521 3026 socio
544 2964 667 3041 actione,
692 2967 716 3028 si
739 2968 808 3044 quid
822 2967 892 3027 dolo
907 2967 1095 3042 commiserit,
1120 2968 1195 3029 sicut
1217 2969 1242 3029 is
1264 2970 1315 3046 qui
1337 2969 1384 3030 de·

296 3052 367 3129 poni
388 3051 467 3129 apud
490 3071 523 3111 se
545 3071 651 3129 passus
675 3059 728 3127 est,
752 3074 792 3113 an
808 3054 894 3113 etiarn
911 3054 1024 3131 culpae,
1046 3052 1076 3113 id
1096 3060 1140 3114 est
1156 3054 1284 3115 desidiae
1297 3061 1385 3131 atque

297 3137 502 3215 neglegentiae
532 3138 661 3213 nornine,
692 3140 857 3216 quaesitum
885 3146 943 3201 est:
973 3139 1134 3217 praevaluit
1162 3147 1264 3200 tamen
1295 3140 1384 3201 etiam

296 3224 398 3300 culpae
413 3223 534 3283 nornine
555 3224 648 3285 teneri
670 3244 748 3285 eum.
785 3223 890 3303 4culpa
913 3232 1012 3286 autern
1027 3245 1090 3286 non
1106 3226 1143 3286 ad
1165 3225 1383 3286 exactissimam

295 3308 477 3387 diligentiam
507 3308 660 3386 dirigenda
690 3319 747 3371 est:
782 3310 890 3371 sufficit
918 3311 996 3371 enim
1026 3313 1116 3372 talem
1145 3310 1326 3387 diligentiam
1351 3310 1382 3369 in

295 3394 503 3455 communibus
528 3395 618 3456 rebus
644 3396 783 3457 adhihere
809 3396 922 3456 socium
930 3395 953 3470 ⁶,
982 3398 1100 3473 qualem
1126 3397 1187 3457 suis
1217 3395 1305 3455 rebus
1334 3396 1382 3454 ad-

294 3479 396 3540 hihere
419 3481 501 3541 solet.
536 3500 607 3541 nam
630 3482 679 3559 qui
702 3502 806 3560 parum
823 3482 991 3558 diligentem
1014 3483 1127 3544 socium
1142 3482 1198 3542 sihi
1222 3481 1380 3555 adsumitl,

295 3566 331 3625 de
354 3585 385 3625 se
408 3565 489 3641 queri
512 3565 624 3628 debet.⁷

294 3719 377 3856 (Paul
395 3716 625 3857 itl³tl⁵hi¹⁵²
657 3722 717 3858 ³0}
731 3719 895 3843 {hstiis}
914 3722 1012 3850 “lli
1024 3717 1381 3852 diritati&

294 3867 351 3909 aa.
370 3854 441 3925 (oq.
454 3856 496 3923 17,
505 3857 530 3923 a,
541 3856 585 3926 ra)
647 3860 658 3892 ⁸
676 3832 793 3926 sodomi
808 3829 880 3923 r'so,
898 3860 967 3911 aaa
985 3857 1018 3923 Β,
1035 3849 1084 3910 om.
1098 3858 1166 3942 oq..
1223 3827 1288 3910 ³050
1305 3830 1381 3932 avr,

295 3927 404 4048 {hm
416 3926 476 4049 ἐξ
496 3928 610 3994 adquirit
633 3927 693 3996 Dio.
774 3928 785 3959 ἵ
805 3930 842 4016 sic
859 3928 929 3995 Dtp,
950 3929 1000 3979 hoo
1023 3935 1062 3979 ost
1085 3929 1136 3980 sibi
1157 3936 1285 3995 imputare
1307 3929 1383 3980 dabat
