3309 4917
305 431 381 501 IV,6
518 500 521 505 ¹
822 436 882 497 152
1355 450 1397 496 oa

306 603 377 666 *nec
397 600 511 665 ‘facile’
534 607 565 666 in
587 606 737 684 integrum
760 624 777 664 a
799 612 933 683 praetore
955 603 1188 677 restituebatur⁴,
1211 604 1267 665 nisi
1294 605 1395 667 minor

305 699 367 753 erat
389 691 491 769 viginti
513 692 642 769 quinque
664 691 759 753 annis.
792 692 862 752 huic
875 692 956 751 enim
971 690 1045 751 sicut
1058 691 1090 750 in
1106 690 1170 750 aliis
1185 691 1283 751 causis
1303 711 1395 753 causa

305 778 422 854 cognita
444 777 697 850 succurrebatur1‚
720 777 745 838 si
767 778 869 855 lapsus
890 777 1039 838 iuventute
1060 776 1164 849 lucrat,
1188 776 1272 837 itaet
1290 777 1321 839 in
1336 778 1394 839 hac

304 883 394 925 causa
417 865 546 924 succurri
569 864 687 924 solitum
710 871 782 926 erat.
827 882 900 923 sane
927 862 952 923 si
978 870 1040 923 tam
1066 881 1177 939 magna
1204 882 1296 924 cansa
1327 864 1394 925 iusti

305 950 411 1011 erroris
422 949 642 1024 interveniebat,
658 956 690 1009 ut
706 950 794 1010 etiam
810 949 1066 1011 constantissimus
1076 948 1201 1025 quisque
1213 949 1272 1009 labi
1283 957 1394 1027 posset,

306 1036 395 1097 etiam
419 1035 522 1096 maiori
545 1036 646 1113 viginti
668 1036 798 1114 quinque
821 1035 908 1096 annis
923 1036 1160 1096 succurrebatur:
1184 1036 1271 1096 veluti
1287 1036 1396 1113 siquis

305 1129 399 1183 totum
432 1123 565 1199 legatum
598 1122 722 1200 petierit,
758 1129 825 1201 post
852 1122 957 1183 deinde
986 1121 1090 1199 prolati
1120 1120 1227 1181 luerint
1256 1122 1394 1197 codicilli,

305 1208 412 1284 quihus
435 1214 486 1267 aut
508 1228 576 1285 pars
598 1208 688 1286 legati
710 1209 848 1286 adempta
871 1208 908 1268 sit
929 1215 981 1268 aut
1002 1206 1179 1286 quibusdam
1201 1207 1265 1267 aliis
1294 1208 1396 1285 legata

303 1293 373 1353 data
401 1293 472 1368 sint,
504 1314 580 1372 quae
608 1295 785 1367 efficiebant,
818 1301 850 1353 ut
879 1295 945 1372 plus
971 1293 1088 1371 petiisse
1109 1292 1255 1354 rideretur
1289 1295 1396 1372 petitor

304 1398 394 1456 quam
417 1380 600 1455 dodrantem,
623 1388 711 1458 atque
733 1380 798 1441 ideo
819 1382 886 1458 lege
901 1379 1028 1441 Falcidia
1050 1380 1149 1458 legata
1170 1379 1393 1442 minuebantur.

138 1460 142 1470 ’
236 1472 289 1528 880
308 1461 414 1527 ²*P1us
438 1474 535 1527 autem
559 1475 696 1545 quattuor
710 1468 806 1528 modis
822 1466 941 1544 petitur:
965 1485 1005 1540 re,
1028 1473 1169 1542 tempore,
1193 1466 1266 1538 loco,
1290 1486 1394 1529 causa.

307 1547 353 1613 *re
375 1554 463 1613 veluti
486 1554 511 1613 si
533 1554 599 1630 quis
621 1572 674 1630 pro
697 1554 797 1613 decem
820 1547 947 1612 <aureis>
971 1552 1020 1629 qui
1042 1552 1068 1612 ei
1091 1550 1273 1611 debebantur
1287 1553 1394 1630 viginti

308 1634 445 1716 *petierit
469 1647 519 1698 aut
542 1640 566 1699 si
586 1639 620 1712 is,
645 1638 727 1699 cuius
743 1658 779 1699 ex
794 1646 877 1715 parte
891 1656 939 1698 res
954 1645 1007 1711 est,
1031 1644 1124 1698 totam
1140 1654 1205 1696 eam
1222 1640 1265 1699 vel
1282 1638 1396 1701 maiore

236 1731 287 1788 33ὀ
309 1720 360 1784 *ex
382 1731 464 1801 parte
487 1744 572 1785 snam
594 1744 659 1785 esse
680 1724 845 1785 intenderit.
891 1723 1051 1801 Tempore:
1079 1722 1168 1783 veluti
1190 1722 1215 1782 si
1237 1724 1303 1801 quis
1325 1731 1396 1786 ante

309 1806 401 1870 *diem
424 1805 484 1870 <vel
506 1818 575 1871 ante
597 1805 814 1872 condicionem>
838 1806 975 1888 petierit*
1014 1829 1073 1886 qua
1095 1808 1209 1871 ratione
1235 1811 1314 1871 enim
1343 1812 1396 1889 qui

308 1895 419 1956 tardius
442 1897 535 1973 solvit,
558 1916 648 1974 quam
671 1897 783 1965 ¹solvere
805 1897 933 1969 deberet,
957 1896 1056 1956 minus
1078 1897 1192 1957 solvere
1206 1895 1394 1975 intellegitur,

237 1988 287 2045 83⁶
309 1982 410 2043 eadem
434 1982 546 2044 ratione
568 1984 618 2061 qui
640 1991 825 2061 praemature
845 1984 915 2061 petit
929 1983 996 2060 plus
1011 1989 1108 2060 petere
1122 1980 1244 2043 videtur.
1282 1979 1396 2044 3Ὶιοοο

308 2063 389 2146 *plus
411 2071 527 2145 petitur,
551 2069 639 2130 veluti
662 2088 730 2129 cum
753 2068 818 2145 quis
838 2070 876 2141 id,
900 2069 979 2145 quod
994 2075 1073 2128 certo
1086 2069 1151 2129 loco
1166 2066 1221 2127 sihi
1238 2068 1396 2147 stipulatus

308 2151 381 2227 *est,
412 2156 468 2216 alio
490 2156 555 2215 loco
577 2156 648 2232 petit
669 2155 732 2215 sine
754 2154 1035 2215 commemoratione
1064 2155 1141 2215 illius
1168 2150 1249 2231 loci⁴,
1278 2156 1308 2214 in
1335 2175 1396 2233 quo

307 2240 362 2300 sibi
385 2241 447 2300 dari
470 2242 624 2317 stipulatus
647 2240 745 2299 luerit:
768 2242 848 2299 verbi
870 2240 966 2317 gratia
990 2236 1029 2299 *si
1050 2240 1085 2313 is,
1109 2240 1159 2315 qui
1183 2239 1225 2298 ita
1240 2241 1395 2319 stipulatus

308 2322 409 2386 *luerit
427 2316 548 2403 ‘Ephesi
572 2327 641 2387 dare
662 2323 829 2404 spondesa’,
860 2326 973 2385 Romae
995 2344 1067 2403 pure
1088 2326 1222 2386 intendat
1248 2327 1311 2388 dari
1339 2328 1395 2388 sibi

308 2408 482 2489 *oportere*
515 2413 579 2472 ideo
602 2419 701 2472 autem
723 2412 789 2489 plus
810 2419 909 2488 petere
930 2411 1118 2489 intellegitur,
1142 2414 1212 2490 quia
1226 2413 1392 2487 utilitatem,

307 2517 397 2575 quam
420 2496 522 2558 habuit
544 2499 718 2577 promissor,
744 2498 768 2557 si
790 2498 897 2574 Ephesi
921 2497 1058 2570 solveret,
1083 2498 1185 2559 adimit
1207 2498 1232 2558 ei
1254 2519 1329 2576 pura
1350 2500 1392 2560 in·

307 2585 453 2645 tentione:
476 2592 595 2663 propter
617 2604 706 2663 quam
730 2604 852 2645 causam
874 2584 931 2645 alio
946 2585 1010 2645 loco
1027 2585 1134 2660 petenti
1150 2585 1302 2645 arbitraria
1317 2586 1392 2647 actio

308 2672 490 2751 proponitur,
506 2672 535 2731 in
552 2691 611 2749 qua
626 2671 733 2731 scilicet
747 2672 821 2731 ratio
837 2672 963 2731 hahetur
976 2670 1117 2745 utilitatis,
1134 2691 1210 2748 quae
1221 2672 1393 2749 promissori

307 2758 500 2833 competitura
522 2758 632 2828 fuisset,
657 2758 681 2817 si
696 2757 745 2816 illo
761 2758 824 2818 loco
840 2758 973 2817 solveret.
1004 2776 1080 2833 quae
1095 2758 1204 2818 utilitas
1219 2759 1392 2835 plerumque

307 2842 338 2902 in
360 2842 507 2902 mercibus
529 2843 660 2903 maxima
681 2844 836 2915 invenitur,
861 2842 948 2903 veluti
969 2842 1037 2902 vino
1054 2844 1118 2904 oleo
1134 2843 1292 2918 frumento,
1316 2864 1391 2922 quae

307 2928 514 3007 persingulas
537 2929 672 3007 regiones
695 2928 809 2989 diversa
835 2929 945 2988 hahent
974 2929 1080 3005 pretia:
1112 2930 1165 2989 sed
1194 2937 1223 2990 et
1252 2930 1393 3007 pecuniae

307 3023 479 3076 numeratae
501 3034 561 3075 non
584 3016 614 3076 in
637 3015 776 3075 omnihus
799 3014 969 3092 regionibus
992 3015 1046 3074 sub
1069 3014 1163 3074 isdem
1190 3016 1288 3076 usuris
1316 3017 1392 3077 fene·

307 3107 419 3160 rantur.
458 3102 482 3161 si
504 3101 570 3178 quis
592 3108 691 3161 tamen
714 3100 822 3179 Ephesi
845 3107 932 3177 petat,
957 3100 985 3159 id
1007 3106 1052 3159 est
1074 3119 1109 3161 co
1132 3102 1196 3161 loco
1220 3108 1309 3179 petat,
1334 3122 1393 3180 quo

306 3193 340 3246 ut
362 3186 417 3246 sibi
440 3187 523 3247 detur
545 3187 700 3265 stipulatus
721 3194 773 3260 est,
796 3205 871 3262 pura
886 3185 1000 3246 actione
1014 3194 1092 3247 recte
1106 3187 1179 3262 agit:
1203 3188 1290 3265 idque
1305 3190 1393 3248 etiam

308 3278 425 3349 praetor
446 3280 606 3346 monstrat,
637 3272 745 3332 scilicet
767 3272 836 3349 quia
857 3272 966 3332 utilitas
989 3272 1121 3333 solvendi
1147 3274 1228 3333 salva
1255 3280 1300 3333 est
1328 3292 1392 3349 pro·

239 3362 293 3418 aaa
312 3357 439 3419 missuri.
476 3358 552 3418 Huic
567 3366 675 3432 autem,
692 3358 742 3435 qui
756 3359 820 3419 loco
836 3360 903 3435 plus
917 3366 1016 3435 petere
1029 3358 1216 3436 intellegitur,
1240 3356 1393 3433 proximus

308 3450 353 3503 est
374 3443 399 3502 is
422 3442 472 3520 qui
493 3463 583 3504 causa
604 3444 671 3520 plus
693 3444 777 3521 petit:
805 3452 839 3503 ut
861 3463 929 3504 ecce
951 3443 976 3503 si
998 3445 1126 3521 quisita
1148 3464 1166 3503 a
1187 3451 1215 3503 te
1237 3442 1392 3519 stipulatus

307 3528 345 3588 sit
356 3521 520 3589 ‘hominem
533 3529 666 3590 Stichum
682 3536 733 3589 aut
748 3530 849 3590 decem
864 3524 1001 3589 ‘aureos'
1017 3530 1087 3590 dare
1101 3529 1229 3607 spondes
1236 3525 1271 3600 θ’,
1288 3527 1392 3590 deinde

307 3614 481 3673 alterutrum
504 3621 596 3691 petat,
625 3616 714 3675 veluti
735 3615 888 3675 hominem
911 3622 1027 3675 tantum
1049 3622 1099 3675 aut
1120 3612 1244 3674 decern4
1265 3621 1392 3677 tantum.

306 3698 372 3759 ideo
395 3706 494 3759 autem
517 3701 583 3778 plus
609 3708 707 3778 petere
730 3701 923 3778 intellegitur,
953 3701 1023 3778 quia
1048 3701 1080 3759 in
1107 3718 1141 3760 eo
1169 3719 1278 3777 genero
1304 3701 1393 3780 stipu-

306 3784 424 3846 lationis
446 3786 633 3863 promissoris
656 3794 700 3847 est
722 3786 838 3859 electio,
868 3794 967 3846 utrum
995 3786 1150 3864 pecuniam
1172 3806 1211 3846 an
1237 3787 1391 3849 hominem

309 3872 422 3933 solvere
444 3872 541 3935 malit:
564 3872 614 3949 qui
636 3872 725 3951 igitur
747 3872 903 3951 pecuniam
917 3879 1032 3932 tantum
1048 3873 1092 3933 vel
1107 3872 1259 3934 hominem
1274 3880 1391 3935 tantum

308 3957 364 4018 sibi
387 3958 448 4019 dari
470 3965 604 4036 oportere
632 3958 771 4033 intendit,
806 3958 889 4037 eripit
917 3958 1090 4021 electionem
1118 3959 1283 4021 adversario
1305 3967 1334 4021 et
1357 3979 1391 4022 eo

379 4094 615 4164 ¹succurrebatB
686 4096 776 4149 'cat
788 4094 813 4160 4,
823 4094 880 4149 53⁸.
889 4093 938 4149 53¹³
1007 4094 1097 4149 ⁸cat.
1110 4094 1193 4161 4,53ο
1265 4095 1393 4165 ‘doceml

309 4163 366 4227 BP,
385 4166 408 4216 d.
427 4182 519 4217 aureos
536 4164 565 4217 Ε
