3309 4917
267 463 307 506 nn
322 461 536 507 smvrrurmus
791 443 832 504 43
918 413 931 441 ⁸
1254 438 1356 504 11,3.4

268 612 447 675 rusticorum
469 611 655 690 praediorum
677 613 994 692 servitutes1quidam
1017 613 1180 693 computari
1202 619 1279 673 recte
1305 632 1356 690 pu·

269 707 334 761 tant
356 719 451 777 aquae
468 699 617 772 baustum,
641 699 754 776 pecoris
776 701 814 760 ad
829 720 938 778 aquam
954 699 1120 777 adpulsum,
1144 700 1190 760 ius
1206 698 1354 777 pascendi,

269 786 357 848 calcis
380 785 559 863 coquendae,
582 784 711 847 harenae
732 786 896 847 fodiendae.

336 869 424 932 ²Ideo
439 878 539 932 autem
553 871 610 932 hae
626 871 778 937 servitutes
793 872 979 949 praediorum
995 873 1191 949 appellantur,
1215 869 1355 949 quoniam
1373 875 1390 930 3

268 959 334 1019 siue
360 957 485 1036 praediis
511 957 646 1017 constitui
672 977 734 1018 non
761 966 895 1035 possunt.
934 976 1022 1018 nemo
1051 957 1130 1018 enim
1153 964 1248 1035 potest
1271 955 1356 1016 servi·

269 1050 363 1105 tutem
386 1043 540 1120 adquirere
560 1044 666 1103 urbani
689 1045 734 1103 vel
756 1044 857 1104 rustici
879 1043 997 1122 praedii,
1021 1043 1076 1103 nisi
1100 1043 1150 1120 qui
1172 1044 1261 1104 habet
1276 1061 1356 1119 prae

270 1130 361 1204 dium,
385 1148 440 1190 nec
462 1129 620 1206 quisquam
635 1128 751 1204 debere,
775 1129 832 1190 nisi
855 1130 905 1208 qui
926 1130 1016 1190 habet
1030 1129 1190 1207 praedium.
1237 1129 1267 1190 Si
1290 1127 1391 1205 quisl

269 1216 338 1277 velit
364 1214 458 1275 vicino
487 1215 604 1292 aliquod
636 1215 682 1274 ius
709 1215 899 1289 constituere,
933 1215 1116 1293 pactionibus
1151 1222 1239 1292 atque
1268 1213 1356 1292 stipu-

109 1331 116 1359 t
203 1381 205 1384 y
269 1301 428 1362 lationibus
455 1301 484 1361 id
510 1301 625 1362 efficere
651 1302 746 1364 debet.
784 1300 899 1380 tpotest
920 1301 1008 1361 etiam
1034 1300 1065 1360 in
1092 1307 1268 1362 testamento
1291 1300 1357 1376 quis

270 1389 411 1449 heredem
433 1407 523 1448 suum
538 1388 689 1459 damnare,
712 1407 752 1449 ne
773 1388 860 1448 altius
876 1385 986 1460 tollat4,
1011 1405 1048 1446 ne
1063 1386 1225 1446 luminibus
1240 1386 1357 1446 aedium

270 1473 357 1534 vicini
388 1473 509 1534 officiat:
526 1475 589 1533 ·vel
618 1480 651 1533 ut
677 1474 804 1551 patiatur
834 1493 903 1535 eum
931 1472 1048 1550 tignum
1078 1471 1109 1530 in
1139 1472 1278 1549 parietem
1305 1472 1357 1530 im·

269 1560 386 1620 mittere
408 1561 453 1620 vel
475 1558 651 1621 stillicidium
675 1560 798 1621 babere:
822 1561 869 1620 vel
891 1565 923 1619 ut
938 1558 1064 1637 patiatur
1078 1576 1148 1618 eum
1164 1577 1216 1636 per
1231 1557 1357 1618 fundum

269 1646 311 1707 ire
333 1665 422 1724 agere
444 1664 588 1723 aquamve
610 1664 646 1706 ex
668 1665 703 1706 eo
726 1647 843 1708 ducere.

797 1834 821 1892 v
831 1833 843 1871 ⁵

657 1931 705 1985 DE
725 1836 796 1987 USIl
812 1931 968 1987 FRUC'PU.

341 2035 437 2097 ⁰Usus
465 2038 577 2098 fructus
609 2045 653 2097 est
684 2037 730 2098 ius
759 2038 862 2099 alienis
891 2039 979 2099 rebus
1006 2037 1106 2099 utendi
1135 2037 1250 2098 fruendi
1278 2038 1358 2098 salva
1548 2107 1549 2124 χ

271 2142 372 2184 rerum
403 2123 576 2184 substantia.
617 2132 661 2185 est
692 2124 771 2186 enim
800 2125 846 2185 ius
874 2124 905 2184 in
935 2142 1069 2202 corpore:
1099 2143 1158 2200 quo
1179 2123 1302 2184 'sublato
1331 2130 1359 2184 et
1455 2121 1460 2130 “

271 2209 371 2287 ipsum
399 2209 460 2270 tolli
487 2229 606 2271 neeesse
628 2217 680 2271 est.
726 2211 804 2270 Usus
827 2211 941 2271 fructus
964 2229 982 2270 a
1004 2209 1180 2288 proprietate
1202 2209 1358 2287 separatio·
1378 2210 1391 2264 1

271 2314 342 2356 nem
368 2296 470 2373 recipit
499 2297 588 2374 idque
615 2295 769 2374 plurimisl
801 2297 897 2357 modis
929 2295 1040 2357 accidit.
1078 2302 1111 2355 ut
1140 2314 1206 2364 ecce
1237 2295 1261 2355 si
1293 2295 1358 2372 quis

272 2381 356 2442 alicui
379 2401 467 2442 usum
490 2383 617 2442 fructum
643 2382 797 2460 legaverit:
831 2402 903 2442 nam
931 2383 1016 2442 heres
1042 2381 1154 2441 nudam
1183 2381 1273 2441 habet
1295 2400 1358 2457 pro·

271 2467 435 2544 prietatem,
458 2468 622 2546 legatarius
644 2486 731 2528 usum
756 2469 898 2529 fructum:
922 2475 950 2528 et
969 2474 1071 2528 contra
1094 2467 1118 2526 si
1141 2467 1266 2526 fundum
1281 2467 1359 2543 lega·

272 2553 345 2614 verit
366 2554 490 2614 deducto
513 2554 697 2627 usufructu,
721 2554 880 2632 legatarius
903 2554 1014 2615 nudam
1037 2553 1127 2613 habet
1142 2547 1358 2629 proprietatem,

272 2640 358 2700 heres
380 2659 449 2700 vero
471 2659 560 2700 usum
582 2639 724 2700 fructum:
748 2641 817 2700 item
841 2641 889 2700 alii
908 2639 1149 2712 usumfructum,
1173 2637 1220 2698 alii
1235 2638 1359 2698 deducto

271 2744 308 2785 eo
330 2725 456 2785 fundum
480 2726 585 2804 >legare
612 2732 716 2803 potest.
753 2724 835 2786 ⁸sine
857 2732 1033 2787 testamento
1056 2743 1124 2784 vero
1151 2722 1176 2784 si
1203 2723 1269 2801 quis
1292 2723 1360 2783 velit

273 2811 321 2870 alii
342 2831 431 2871 usum
454 2811 582 2872 fructum
606 2811 792 2885 constituere,
816 2811 999 2889 pactionibus
1023 2817 1051 2870 et
1073 2809 1309 2887 stipulationibus
1331 2809 1359 2868 id

274 2896 388 2957 efficere
416 2897 511 2957 debet.
552 2917 591 2957 ne
618 2904 718 2956 tamen
747 2897 778 2957 in
810 2898 982 2958 uuiversum
1015 2895 1132 2955 inutiles
1167 2900 1266 2955 essent
1296 2913 1360 2970 pro·

273 2981 410 3058 prietates
440 3000 557 3059 semper
583 2982 758 3062 abscedente
787 3001 843 3042 usu
874 2982 982 3055 fructu,
1013 2980 1121 3058 placuit
1149 2979 1235 3040 certis
1264 2980 1359 3040 modis

274 3066 406 3143 extingui
425 3085 514 3127 usum
535 3067 663 3127 imotum
686 3075 714 3127 et
736 3069 773 3127 ad
795 3067 1000 3144 proprietatem
1016 3066 1128 3126 reverti.
1167 3064 1394 3128 Constituitur2

273 3159 371 3212 autem
403 3171 474 3212 usus
501 3152 612 3213 fructus
639 3171 700 3212 non
728 3160 844 3213 tantum
872 3153 902 3212 in
929 3147 1021 3213 fundo
1044 3157 1072 3212 et
1094 3151 1228 3225 aedibus,
1259 3170 1360 3212 verum

272 3238 361 3299 etiam
385 3237 415 3298 in
438 3238 529 3299 servis
555 3246 584 3300 et
610 3239 748 3299 iumentis
772 3239 933 3317 ceterisque
955 3239 1044 3298 rebus
1066 3237 1193 3314 exceptis
1216 3238 1262 3299 his
1285 3257 1361 3315 quae

273 3325 338 3402 ipso
360 3344 417 3385 usu
433 3332 663 3386 consumuntur:
687 3344 757 3386 nam
781 3324 853 3386 eae⁹
876 3345 973 3402 neque
995 3324 1122 3384 naturali
1137 3323 1250 3384 ratione
1265 3343 1362 3401 neque

273 3410 349 3470 civili
371 3411 514 3488 recipiunt
535 3431 624 3471 usum
647 3410 784 3472 fructum.
819 3431 878 3489 quo
901 3430 1025 3472 numero
1048 3417 1117 3470 sunt
1139 3409 1240 3470 vinum
1262 3411 1360 3470 oleum

273 3497 455 3556 frumentum
479 3497 661 3558 vestimenta.
696 3498 803 3575 quibus
825 3498 960 3575 proxima
982 3504 1026 3556 est
1048 3497 1172 3574 pecunia
1191 3503 1360 3556 numerata:
1408 3555 1410 3560 .

273 3602 403 3660 namque
425 3583 455 3642 in
478 3583 541 3661 ipso
564 3603 621 3644 usu
644 3584 766 3644 adsidua
793 3584 1007 3661 permutatione
1029 3582 1249 3658 quodammodo
1272 3583 1362 3642 extin-

274 3669 381 3744 guitur.
416 3669 468 3729 sed
491 3669 622 3730 utilitatis
644 3689 733 3730 causa
761 3676 882 3730 senatus
905 3669 1018 3730 censuit
1038 3686 1125 3745 posse
1148 3667 1237 3728 etiam
1259 3687 1361 3728 earum

345 3805 410 3854 ἐἰσ
433 3801 493 3870 ΤΘ,
516 3807 641 3856 servitute
658 3803 684 3854 B
762 3801 870 3865 ²523
888 3821 919 3854 ec
937 3803 997 3869 Ulp.
1017 3804 1034 3855 l.
1052 3819 1072 3854 o.
1092 3799 1163 3868 (Dip.
1181 3800 1320 3866 8,3,1§l
1339 3813 1363 3853 et

272 3869 298 3936 8,
307 3870 358 3934 4,1
372 3871 424 3938 51)
496 3873 566 3934 ⁸54
576 3876 627 3941 fia.
646 3890 676 3924 ea
691 3873 749 3927 aar.
768 3874 786 3926 l.
805 3873 822 3924 2
839 3889 890 3924 rer.
910 3881 966 3924 cett.
984 3870 1056 3939 (th.
1068 3867 1093 3936 8,
1102 3869 1127 3934 4,
1139 3868 1182 3939 16)
1248 3868 1361 3936 ⁴tollat]

273 3940 523 4006 Branodunum
539 3943 614 3994 tollat
630 3942 690 4008 Diq.
762 3941 835 4061 ⁸04.
855 3937 1122 4006 catatuaentq.
1141 3936 1273 4005 7,1.4.5;
1292 3935 1361 4001 33,2

275 4009 338 4061 uod.
357 4007 382 4077 3,
392 4007 426 4062 33
498 4010 509 4041 ‘
520 4029 566 4077 pr.
584 4029 616 4064 ea·
634 4011 694 4080 Dry.
707 4008 800 4075 7,1,1.
847 4007 946 4077 ((Poul.
966 4011 984 4064 l.
1002 4007 1018 4062 3
1037 4009 1073 4060 ad
1088 4008 1171 4060 Vttell.
1185 4007 1315 4060 official.
1329 4004 1361 4058 18

270 4076 336 4145 atq.)
408 4080 473 4130 'aie
490 4079 549 4145 BT,
567 4081 687 4147 pluribus
705 4081 773 4143 dett,
789 4076 934 4134 πολλοῑςθ
998 4075 1131 4144 ⁸§lfirc
1150 4075 1193 4136 §2
1209 4077 1288 4127 iaec
1303 4076 1361 4129 Gai.

273 4149 292 4200 l.
311 4146 327 4198 2
345 4165 397 4200 rer.
416 4157 473 4200 oott.
492 4145 564 4216 (na.
577 4147 720 4214 7‚1‚3pr.
739 4147 790 4212 51)
862 4144 945 4212 ⁰aare]
964 4146 997 4213 B,
1015 4163 1060 4198 eae
1077 4161 1118 4197 res
1141 4146 1165 4194 T
