3309 4917
346 1146 388 1242 11
425 1180 630 1244 retractanda
666 1181 915 1244 Iustinianarum
951 1179 1185 1245 institutionum
1223 1178 1365 1241 editione

280 1282 383 1347 isdem
406 1283 557 1348 subsidiis
580 1285 697 1349 criticis
719 1306 795 1348 usus
818 1306 903 1366 sum,
934 1305 1013 1368 quas
1041 1285 1073 1346 in
1095 1284 1199 1366 prima
1223 1281 1364 1345 editione

198 1460 216 1482 -.
280 1389 464 1451 11111868
488 1389 605 1452 emissa
627 1388 770 1472 adhibui,
795 1387 974 1472 quibusque
993 1387 1128 1451 meliora
1150 1385 1255 1449 adhuc
1277 1384 1366 1448 nulla

280 1491 412 1553 inuenta
434 1500 516 1554 sunt.
565 1493 598 1555 in
622 1497 776 1556 contextu
804 1490 1026 1555 constituendo
1051 1491 1243 1572 optimorum
1267 1487 1364 1551 libro-

186 1641 190 1649 .
281 1615 352 1657 rum
374 1594 471 1659 fidem
492 1601 621 1659 secutus
644 1617 724 1680 sum,
748 1617 820 1661 eum
837 1594 1087 1679 Bambergensis
1111 1598 1144 1655 et
1160 1591 1366 1654 Taurinensis

281 1718 366 1761 saec.
383 1698 434 1761 IX
455 1698 508 1762 vel
530 1700 572 1781 X,
596 1721 732 1784 quorum
753 1699 809 1762 ille
832 1701 968 1783 integer,
992 1697 1044 1761 hic
1067 1717 1185 1780 magna
1208 1699 1365 1777 exparte

218 1844 221 1852 -
281 1801 391 1884 periit,
427 1807 494 1865 tum
525 1803 607 1885 legis
635 1802 804 1868 Romanae
832 1803 984 1867 canonice
1014 1805 1164 1883 comptae
1193 1819 1276 1862 saec.
1306 1798 1365 1882 ΙΧ,

194 1900 204 1915 ”
283 1924 367 1987 1111
382 1904 455 1988 plus
471 1907 574 1968 minus
587 1912 734 1989 quartam
745 1907 982 1970 institutionum
993 1909 1121 1988 partem
1135 1903 1169 1965 in
1185 1922 1220 1965 se
1231 1903 1366 1984 recepit,

170 2061 175 2069 .
207 2022 217 2083 ζ
283 2009 437 2092 cuiusque
461 2010 569 2093 capita
592 2008 719 2073 duobus
741 2010 887 2093 exceptis
913 2009 947 2072 in
969 2007 1192 2072 collectionem
1215 2006 1367 2088 anonymi

184 2168 188 2179 ,
285 2111 437 2174 Anselmo
460 2111 680 2176 dedicatamt
666 2115 874 2196 transscripta
896 2118 978 2176 sunt.

348 2230 492 2304 Quorum
528 2233 681 2298 librorum
715 2256 754 2300 ea
787 2234 935 2298 condicio
966 2240 1029 2316 est,
1060 2234 1181 2297 utlex
1207 2232 1365 2313 Romana,

283 2355 381 2418 quam
408 2343 506 2420 propt
507 2358 543 2402 er
570 2344 764 2403 vetustatem
794 2338 1120 2421 emendationemque
1154 2337 1258 2420 primo
1293 2335 1365 2398 loco

174 2514 178 2521 Ι
282 2438 391 2521 habui,
411 2442 560 2523 proxime
577 2449 714 2527 cognata
736 2445 777 2506 sit
791 2442 874 2507 libro
890 2441 1134 2526 Bambergensi,
1160 2427 1366 2504 'laurinensis

188 2560 215 2597 ·.
283 2562 360 2604 vero
388 2543 470 2606 alius
496 2546 538 2607 sit
560 2545 679 2609 ordinis
707 2545 747 2609 ad
775 2544 860 2608 illius
888 2544 1006 2608 menda
1027 2543 1172 2607 tollenda
1193 2543 1366 2626 plurimum

186 2692 193 2724 a
282 2645 527 2727 proficienaa
508 2653 606 2733 atque
633 2670 706 2713 cum
733 2670 775 2713 ex
798 2648 1022 2713 collationibus
1045 2645 1100 2710 det
1087 2647 1241 2710 teriorum
1267 2645 1365 2709 libro-

175 2813 179 2822 ,
282 2770 353 2811 rum
369 2748 539 2836 collegisse
562 2753 641 2816 mihi
657 2753 815 2817 viderer
806 2773 839 2814 nr
861 2752 921 2814 hos
945 2749 1025 2814 duos
1049 2749 1177 2814 ordines
1201 2747 1366 2812 discedere

110 2856 125 2912 l
180 2886 231 2955 qs
282 2873 404 2935 omnes,
428 2855 605 2919 curandum
628 2862 708 2936 9111,
731 2856 821 2918 1111
844 2856 884 2917 111
906 2853 1095 2937 partibus,
1087 2874 1120 2915 m
1143 2850 1257 2935 quibus
1280 2851 1365 2914 'Pau-

189 2965 241 3010 ⁸
282 2957 416 3019 rinensis
433 2956 552 3039 deficit
571 2958 671 3021 alium
688 2956 833 3022 eiusdem
850 2956 969 3020 ordinis
985 2954 1130 3020 codicem
1146 2953 1365 3036 subrogarem

109 3114 113 3131 ,
185 3079 216 3121 1
282 3059 341 3123 sed
367 3081 428 3124 nee
453 3062 486 3124 in
513 3062 639 3145 reliqua
660 3061 896 3124 institutionum
922 3065 1015 3144 parte
1043 3059 1171 3122 omnino
1202 3056 1365 3121 abstinere

200 3118 217 3188 J
282 3163 372 3249 licuit
393 3165 661 3230 arecentioribus
683 3163 817 3228 libris:'
808 3185 841 3227 1n
861 3171 1032 3247 utrumque
1056 3162 1141 3226 enim
1163 3162 1280 3225 librum
1302 3182 1366 3224 non

152 3244 209 3345 ⁸¹⁸&
282 3270 328 3332 ita
351 3289 423 3332 raro
439 3270 619 3334 inculcatae
636 3275 710 3333 sunt
732 3274 766 3334 et
781 3268 1025 3334 emendationes
1041 3288 1083 3332 ex
1098 3267 1230 3331 alterius
1246 3265 1365 3329 ordinis

110 3435 124 3491 ·
161 3347 250 3450 >effu
282 3370 371 3434 libris
393 3373 516 3455 petitae
541 3379 575 3437 11
596 3373 862 3457 interpolationes
885 3372 1076 3457 plerumque
1099 3389 1295 3435 communes.

347 3491 436 3565 Quas
458 3492 500 3557 ob
517 3514 630 3558 causas
645 3499 798 3578 quattuor
812 3499 984 3578 praeterea
999 3490 1132 3556 adhibui
1154 3490 1252 3554 libros
1266 3489 1363 3554 Bam·

281 3594 476 3679 bergensem
502 3618 587 3661 saec.
609 3598 660 3661 XI
685 3598 738 3661 vel
765 3597 847 3680 XII,
875 3598 930 3681 qui
958 3595 1089 3659 alterins
1116 3593 1365 3678 Bambergensis

283 3699 429 3763 ordinem
463 3701 623 3784 sequitur,
663 3699 848 3766 Casinatem
882 3719 966 3764 saec.
997 3698 1047 3762 XI
1081 3703 1115 3762 et
1148 3697 1365 3761 Parisiensem

283 3823 367 3866 saec.
383 3803 434 3866 XI
450 3811 484 3867 et
498 3803 756 3869 Wallral'fianum
773 3825 858 3869 saec.
875 3803 952 3884 XII,
969 3803 1024 3886 qui
1040 3801 1246 3866 [laurinensis
1262 3800 1365 3865 ordini

281 3904 485 3970 adscribendi
507 3906 665 3976 videntun

348 4027 529 4092 Constituto
553 4049 595 4092 ex
618 4030 668 4092 his
696 4028 786 4092 libris
812 4034 967 4092 contextu
987 4025 1220 4090 institutionum
1247 4025 1280 4086 in
1307 4024 1364 4088 ad·

282 4131 390 4196 denda
417 4132 604 4197 diversitate
633 4133 809 4216 scripturae
842 4133 888 4195 ita
917 4135 1061 4194 versatus
1095 4149 1179 4211 sum⁷
1211 4133 1247 4189 11
1281 4149 1364 4212 1111
