3309 4917
306 453 386 521 1v‚3
821 458 883 518 140
1264 475 1399 523 numer

272 633 290 688 2
370 628 482 689 Iniuria
502 635 604 689 autem
626 627 757 689 occidere
780 627 972 707 intellegitur,
1001 626 1053 705 qui
1078 627 1163 689 nullo
1188 626 1253 687 iure
1280 628 1397 690 occidit

307 716 406 792 itaque
427 714 477 791 qui
499 716 647 775 latronem
668 714 787 789 occidit,
811 734 873 775 non
894 721 1025 787 tenetur,
1048 713 1150 790 utique
1171 712 1197 773 si
1218 713 1302 784 aliter
1323 714 1398 792 peri·

273 802 409 863 trulum
431 801 559 876 effugere
581 820 642 861 non
664 807 769 877 potest.
803 800 848 861 Ac
869 819 909 860 ne
929 800 955 859 is
976 799 1095 877 quidem
1117 799 1175 860 hac
1189 799 1256 876 lege
1269 806 1396 873 tenetur,

308 886 360 964 qui
381 906 452 948 casu
475 886 588 959 occidit,
611 885 636 945 si
657 886 747 947 modo
769 887 857 963 culpa
878 886 942 946 eius
961 885 1043 945 nulla
1057 884 1218 945 invenitur:
1242 904 1313 945 nam
1328 886 1398 946 alio·

309 973 381 1051 quin
402 992 464 1033 non
486 972 587 1033 minus
608 990 645 1033 ex
666 972 734 1033 dolo
756 990 848 1049 quam
868 991 906 1032 ex
925 972 1012 1049 crdpa
1025 970 1304 1049 quisquehaclege
1317 978 1397 1033 tene·

153 1070 156 1075 ’
273 1062 366 1121 dtur.
409 1060 512 1134 ltaque
533 1056 559 1119 si
580 1056 660 1134 quis,
690 1058 763 1118 dum
784 1057 888 1119 iaculis
909 1057 983 1118 ludit
1008 1058 1055 1118 vel
1081 1056 1272 1129 exercitatur,
1301 1063 1397 1119 trans

308 1152 429 1206 euntem
451 1162 569 1205 servum
590 1150 677 1204 tuum
691 1142 846 1217 traiecerit‚
868 1142 1067 1220 ununguimr.
1100 1162 1174 1203 nam
1188 1142 1214 1203 si
1226 1143 1257 1203 id
1272 1162 1291 1203 a
1304 1144 1398 1205 milite

308 1229 449 1307 quidem¹
470 1230 502 1291 in
524 1248 630 1307 campo
652 1248 756 1307 eoque,
777 1230 830 1290 ubi
851 1229 973 1290 solitum
986 1235 1033 1289 est
1046 1228 1208 1302 exercitari,
1231 1229 1398 1291 admissum

309 1322 366 1391 est,
395 1317 478 1377 nulla
503 1316 590 1393 culpa
616 1316 679 1377 eius
706 1315 899 1393 intellegitur:
927 1315 954 1375 si
978 1315 1054 1375 alius
1080 1316 1142 1375 tale
1169 1314 1240 1391 quid
1266 1316 1398 1393 admisit,

309 1402 414 1479 ctdpae
434 1420 502 1463 reus
524 1409 578 1463 est.
621 1402 701 1463 idem
721 1402 792 1463 iuris
814 1409 859 1463 est
880 1401 917 1462 de
938 1400 1043 1473 milite,
1071 1400 1097 1461 si
1123 1400 1149 1461 is
1176 1401 1205 1461 in
1232 1401 1291 1463 alio
1320 1402 1396 1476 loco,

274 1489 400 1564 bquam
422 1487 472 1564 qui
493 1487 686 1549 exercitandis
707 1487 849 1549 militibus
864 1486 1026 1547 destinatus
1040 1493 1095 1559 ast,
1118 1485 1147 1545 id
1162 1486 1289 1547 admisit.
1323 1488 1398 1549 ltem

309 1574 335 1635 si
356 1579 473 1651 putator
494 1592 531 1634 ex
553 1573 658 1634 arbore
683 1573 793 1635 deiecto
820 1592 905 1633 ramo
933 1592 1052 1633 serrum
1078 1578 1166 1632 tuum
1193 1578 1398 1635 transeuntem

310 1659 459 1733 occiderit,
486 1658 513 1719 si
533 1678 625 1737 prope
647 1658 725 1719 riam
747 1660 896 1737 publicam
917 1665 969 1718 aut
990 1657 1145 1719 vicinalem
1166 1658 1195 1718 id
1217 1658 1329 1719 lactum
1352 1666 1401 1721 est

310 1764 406 1822 neque
428 1743 643 1823 praeclamavit,
666 1751 699 1805 ut
720 1764 807 1805 casus
829 1742 930 1805 evitari
950 1744 1053 1821 possit,
1075 1744 1180 1821 culpae
1201 1764 1270 1805 reus
1289 1751 1349 1805 est:
1371 1745 1399 1805 si

310 1830 517 1909 praeclamarit
538 1849 635 1907 neque
655 1830 704 1891 ille
717 1830 831 1891 curavit
844 1850 956 1903 cavere,
979 1837 1064 1890 extra
1078 1831 1197 1907 culpam
1212 1837 1257 1891 est
1270 1836 1398 1907 putator.

311 1936 405 1993 aeque
427 1924 511 1979 extra
532 1918 650 1995 culpam
676 1935 740 1978 esse
766 1916 956 1994 intellegitur,
986 1915 1012 1976 si
1041 1933 1177 1976 seorsum
1204 1936 1223 1977 a
1250 1916 1296 1977 via
1324 1916 1399 1977 forte

311 2003 357 2065 vel
378 2002 408 2063 in
430 2003 528 2063 medio
549 2003 641 2063 fundo
663 2004 818 2077 caedebat,
848 2003 915 2064 licet
936 2021 997 2062 non
1021 2002 1241 2079 praeclamavit,
1272 2002 1342 2079 quia
1363 2022 1399 2063 eo

274 2089 374 2150 blooo
396 2088 471 2149 nulli
491 2096 632 2150 extraneo
652 2088 699 2150 ius
720 2090 815 2150 luerat
838 2088 982 2150 versandi.
1026 2088 1182 2150 Praeterea
1203 2087 1229 2148 si
1255 2088 1398 2162 medicus,

309 2175 361 2251 qui
382 2193 501 2235 servum
523 2182 607 2234 tuum
631 2176 734 2249 secuit,
765 2174 949 2250 dereliquerit
970 2172 1152 2233 curationem
1181 2180 1270 2250 atque
1300 2176 1338 2235 ob
1368 2174 1398 2235 id

276 2264 292 2319 'l
309 2267 445 2321 mortuus
467 2260 554 2320 luerit
576 2278 687 2333 servus,
711 2262 814 2338 culpae
828 2279 898 2321 reus
913 2265 967 2319 est.
1000 2258 1149 2336 Imperitia
1163 2277 1282 2336 quoque
1296 2261 1400 2338 culpae

309 2346 532 2419 adnumeratur,
564 2345 651 2405 veluti
680 2345 705 2406 si
734 2346 867 2407 medicus
892 2344 957 2405 ideo
986 2363 1105 2404 servum
1134 2351 1220 2405 tuum
1249 2346 1397 2419 occiderit,

309 2432 388 2508 quod
410 2450 480 2491 eum
502 2432 581 2492 male
596 2432 719 2493 secuerit
734 2438 785 2492 aut
800 2450 954 2511 perperam
968 2430 996 2491 ei
1011 2430 1263 2492 medicamentum
1277 2432 1397 2494 dederit.

275 2518 292 2574 8
309 2518 424 2595 Impetu
440 2536 558 2596 quoque
572 2518 732 2593 mularum,
751 2536 826 2596 quas
842 2518 934 2578 mulio
949 2524 1068 2595 propter
1082 2517 1258 2595 imperitiam
1274 2519 1400 2580 retinere

310 2622 372 2664 non
394 2604 534 2681 potuerit,
563 2604 588 2665 si
611 2622 714 2665 servus
735 2612 804 2665 tuus
826 2624 986 2683 oppressus
1007 2603 1108 2677 luerit,
1137 2603 1242 2681 culpae
1263 2624 1333 2665 reus
1355 2611 1401 2667 est

311 2689 411 2751 mulio.
444 2691 496 2751 sed
518 2698 547 2751 et
568 2690 593 2751 si
615 2699 734 2769 propter
754 2690 956 2753 infirmitatem
978 2689 1104 2750 retinere
1118 2708 1170 2749 eas
1185 2707 1246 2749 non
1261 2693 1398 2767 potuerit,

311 2794 379 2837 cum
395 2776 469 2835 alius
485 2776 597 2837 firmior
611 2777 737 2837 retinere
751 2777 904 2855 potuisset,
921 2795 1014 2853 aeque
1028 2776 1132 2853 culpae
1145 2781 1271 2837 tenetur.
1295 2776 1399 2837 eadem

310 2864 483 2939 placuerunt
505 2862 541 2923 de
564 2881 598 2923 eo
621 2881 754 2940 quoque,
782 2863 849 2939 qui,
873 2882 942 2923 cum
964 2880 1041 2937 equo
1063 2861 1233 2937 veheretur,
1256 2861 1400 2941 impetum

310 2947 372 3008 eius
405 2954 456 3008 aut
489 2953 608 3026 propter
640 2948 842 3009 infirmitatem
875 2955 926 3008 aut
956 2952 1076 3024 propter
1104 2946 1282 3023 imperitiam
1313 2968 1399 3009 suam

275 3034 436 3097 bretinere
457 3053 519 3095 non
541 3034 676 3113 potuerit.
721 3034 776 3095 His
798 3040 898 3094 autem
927 3031 1027 3093 verbis
1052 3031 1127 3109 legis
1149 3027 1264 3109 ‘quanti
1291 3031 1343 3093 id²
1369 3034 1401 3093 in

309 3139 344 3181 eo
371 3138 453 3182 anno
480 3119 599 3198 plurimi
630 3116 727 3180 luerit’
754 3120 805 3181 illa
833 3118 978 3179 sententia
1006 3116 1193 3193 exprimitur,
1223 3125 1257 3178 ut
1283 3119 1307 3179 si
1335 3119 1402 3196 quis

308 3206 462 3267 hominem
483 3213 579 3280 tuum,
602 3206 652 3283 qui
675 3205 762 3266 hodie
784 3204 907 3265 claudus
929 3210 980 3263 aut
1001 3203 1102 3263 luscus
1124 3209 1176 3262 aut
1195 3220 1320 3265 mancus
1335 3204 1398 3275 erit,

289 3291 453 3366 occiderit,
477 3291 527 3369 qui
549 3291 580 3349 in
603 3309 638 3351 eo
660 3308 740 3351 anno
763 3290 878 3367 integer
900 3296 951 3349 aut
965 3288 1111 3366 pretiosus
1126 3286 1222 3362 luerit,
1245 3307 1306 3347 non
1321 3286 1397 3346 tanti

309 3383 455 3451 teneatur,
483 3376 586 3454 quanti
607 3376 632 3435 is
654 3375 740 3435 hodie
761 3375 829 3447 erit,
855 3375 908 3436 sed
930 3372 1032 3452 quanti
1054 3374 1086 3432 in
1107 3391 1142 3433 eo
1172 3392 1252 3433 anno
1278 3370 1397 3450 plurimi

308 3461 403 3523 luerit.
449 3480 508 3540 qua
535 3460 649 3522 ratione
678 3460 821 3521 creditum
852 3468 897 3522 est
925 3460 1080 3539 poenalem
1111 3476 1176 3518 esse
1207 3458 1295 3522 huius
1323 3458 1398 3535 legis

308 3547 468 3621 actionem,
499 3547 568 3624 quia
597 3566 656 3607 non
681 3548 778 3607 solum
805 3547 881 3607 tanti
906 3547 1031 3625 quisque
1050 3544 1218 3619 obligatur,
1251 3552 1400 3621 quantum

309 3632 410 3692 damni
432 3633 554 3706 dederit,
579 3633 631 3695 sed
653 3632 812 3710 aliquando
836 3635 925 3710 longe
945 3631 1053 3710 plurisr
1080 3630 1207 3705 ideoque
1228 3638 1345 3692 constat
1367 3630 1399 3691 in

310 3718 447 3779 heredem
472 3738 540 3781 eam
566 3719 712 3781 actionem
740 3739 802 3781 non
829 3720 970 3793 transire,
999 3735 1077 3793 quae
1101 3715 1262 3780 transitura
1286 3717 1398 3791 fuisset,

258 3813 292 3871 10
310 3804 334 3865 si
362 3804 439 3867 ultra
468 3805 612 3865 damnum
642 3824 807 3882 numquam
836 3806 874 3866 lis
904 3804 1116 3865 aestimaretur.
1168 3802 1242 3863 lllud
1269 3822 1331 3863 nou
1363 3822 1400 3863 ex

309 3889 405 3951 verbis
427 3891 510 3969 legis,
534 3892 585 3952 sed
607 3910 644 3952 ex
665 3891 905 3970 interpretatione
926 3888 1036 3969 placuit
1056 3907 1120 3949 non
1142 3889 1240 3949 solum
1255 3890 1400 3971 perempti

308 3976 439 4055 corporis
462 3976 697 4039 aestimationem
719 3978 889 4040 habendam
913 3996 978 4037 esse
1000 3975 1164 4036 secundum
1187 3993 1313 4052 eaquae
1328 3974 1398 4034 dixi·

308 4083 390 4139 mus,
420 4065 472 4126 sed
498 4084 532 4127 eo
555 4064 682 4141 amplius
705 4063 846 4142 quidquid
869 4069 1019 4142 praeterea
1041 4068 1194 4140 perempto
1215 4080 1252 4122 eo
1276 4078 1403 4139 corpore

380 4182 389 4211 ¹
408 4181 521 4251 quidem]
541 4182 609 4249 dec,
632 4184 678 4247 qui
696 4182 756 4233 libri
826 4182 838 4213 ²
856 4179 891 4248 id]
911 4177 996 4247 ΔΡΘ,
1014 4198 1063 4232 om.
1074 4179 1101 4231 Β
