3309 4917
254 428 295 474 nu
311 429 380 475 ocu.
393 429 423 484 o.
437 429 522 484 max
538 430 604 474 nun.
617 414 907 507 uaso—flb-
1238 408 1347 477 IV,5.6

256 587 296 647 ob
319 583 439 645 alterius
462 584 578 662 culpam
601 592 717 645 tenetur
739 592 790 645 aut
813 584 889 645 servi
911 592 962 644 aut
983 584 1076 645 liberi.
1114 584 1162 645 cui
1183 583 1287 645 similis
1302 592 1347 645 est

256 672 293 745 is,
317 670 425 748 quiea
451 677 545 749 parte,
580 688 639 745 qua
665 670 754 749 vulgo
783 671 839 731 iter
866 669 927 731 fieri
956 670 1043 744 solet,
1079 669 1108 729 id
1136 670 1266 747 positum
1296 677 1347 731 aut

262 775 441 836 suspensum
462 755 560 829 habet,
588 756 667 832 quod
688 762 793 835 potest,
817 756 842 818 si
865 755 1008 829 ceciderit,
1032 754 1116 817 alicui
1139 774 1259 818 nocere:
1288 775 1347 834 quo

258 863 329 905 casu
352 862 449 921 poena
471 842 574 903 decem
595 836 784 905 <aureorum>
808 843 966 903 constituta
987 849 1041 902 cst.
1075 843 1112 903 de
1134 861 1169 902 eo
1184 862 1252 903 vero
1268 844 1348 920 quod

261 929 405 993 deiectum
429 929 592 990 effusumve
614 936 658 989 est
680 928 761 1007 dupli
787 928 892 1006 quanti
918 930 1063 989 damnum
1090 928 1194 990 dotum
1221 929 1259 989 sit
1279 946 1348 989 con-

257 1016 358 1076 stituta
382 1022 426 1075 est
448 1014 532 1075 actio.
570 1014 608 1075 ob
631 1013 783 1076 hominem
807 1034 876 1075 vero
897 1014 1024 1075 liberum
1047 1013 1175 1074 occisum
1203 1013 1348 1092 quinqua·

259 1103 341 1179 ginta
363 1095 553 1161 ‘aureorum’
575 1119 672 1178 poena
694 1101 893 1162 constituitur:
923 1101 947 1161 si
971 1120 1039 1161 vero
1062 1100 1137 1160 vivet
1160 1101 1350 1177 nocitumquc

258 1186 306 1249 ei¹
329 1207 394 1249 esse
416 1187 538 1259 dicetur,
561 1193 706 1262 quantum
729 1188 767 1247 ob
790 1207 857 1247 eam
880 1206 943 1247 rem
966 1204 1094 1262 aequum
1117 1186 1203 1247 iudici
1224 1187 1346 1260 ridetur,

259 1273 335 1336 actio
358 1274 459 1333 datur:
489 1270 595 1332 ²iudex
618 1273 696 1333 enim
720 1281 891 1351 computare
917 1274 1003 1333 debet
1030 1273 1179 1333 mercedes
1205 1271 1348 1333 medicis³

256 1359 413 1439 praestitas
429 1365 583 1435 ceteraque
597 1357 755 1436 impendia,
777 1359 898 1436 quaein
914 1358 1065 1420 curatione
1079 1358 1156 1418 lacta
1170 1364 1249 1431 sunt,
1266 1377 1348 1436 prae·

257 1455 339 1506 terea
365 1464 537 1523 operarum,
567 1444 674 1520 quibus
702 1446 796 1506 caruit
822 1453 873 1506 aut
901 1445 1045 1507 cariturus
1072 1450 1116 1504 est
1147 1445 1184 1504 ob
1212 1444 1240 1504 id
1268 1443 1348 1521 quod

260 1531 372 1593 inutilis
394 1532 488 1592 lactus
511 1537 564 1592 est.
612 1529 662 1591 *si
685 1530 909 1592 filiusfamilias
932 1548 1066 1592 seorsum
1090 1550 1107 1590 a
1129 1536 1211 1607 patre
1237 1529 1383 1593 habita-2

258 1617 330 1677 verit
353 1624 382 1679 et
403 1618 473 1695 quid
496 1637 533 1678 ex
554 1618 694 1677 cenaculo
717 1618 779 1679 eius
795 1617 939 1679 deiectum
955 1618 1118 1679 effusumve
1132 1616 1178 1690 sit,
1202 1616 1262 1676 sive
1278 1615 1349 1693 quid

260 1703 389 1783 positum
413 1722 628 1780 suspensumve
649 1703 793 1777 babuerit,
818 1704 901 1764 cuius
924 1722 1010 1764 casus
1025 1702 1206 1779 periculosus
1221 1708 1280 1764 est:
1303 1703 1348 1762 lu·

259 1791 340 1850 liano
362 1790 471 1868 placuit
493 1790 523 1850 in
545 1795 660 1866 patrem
682 1789 795 1850 nullam
825 1809 891 1850 esse
919 1790 1078 1861 actionem,
1107 1788 1158 1848 sed
1186 1808 1255 1848 cum
1283 1788 1348 1867 ipso

261 1875 320 1936 lilio
343 1876 503 1953 agendum.
537 1874 615 1951 quod
638 1882 667 1935 et
688 1875 719 1935 in
735 1874 935 1935 filiofamilias
951 1875 1044 1935 iudice
1059 1874 1277 1935 observandum
1292 1881 1346 1947 est,

260 1961 311 2039 qui
339 1961 420 2022 litem
448 1980 533 2021 suam
561 1959 668 2021 lecerit.
722 1959 812 2021 *ltem
842 1961 985 2021 exercitor
1012 1960 1095 2020 navis
1121 1966 1173 2020 aut
1198 1964 1384 2038 cauponae3

260 2053 311 2107 aut
334 2046 442 2107 stabuli
465 2047 501 2106 de
522 2044 611 2107 dolo⁵
634 2053 685 2107 aut
706 2046 797 2120 lurto,
828 2048 907 2123 quod
929 2047 959 2106 in
980 2066 1057 2130 pave
1079 2052 1130 2106 aut
1156 2045 1187 2105 in
1213 2065 1349 2123 caupona

253 2140 314 2199 aut
336 2132 367 2193 in
390 2133 505 2193 stabulo
528 2132 639 2193 lactum
661 2133 723 2205 erit,
747 2132 831 2210 quasi
853 2152 889 2193 ex
911 2133 1055 2193 maleficio
1070 2131 1162 2193 teneri
1178 2131 1299 2206 videtur,
1323 2132 1349 2193 si
1423 2174 1431 2186 .

259 2220 348 2280 modo
370 2219 462 2297 ipsius
477 2219 592 2279 nullum
610 2225 653 2279 est
669 2218 856 2293 maleficium,
880 2219 932 2279 sed
947 2220 1069 2279 alicuius
1083 2236 1196 2289 eorum,
1220 2237 1348 2296 quorum

261 2324 350 2383 opera
372 2324 480 2366 navem
503 2313 553 2365 aut
575 2324 741 2381 cauponam
765 2312 815 2365 aut
834 2305 983 2366 stabulum
1000 2311 1159 2365 exerceret:
1184 2324 1252 2365 cum
1268 2305 1350 2366 enim

260 2410 357 2469 neque
379 2410 415 2451 ex
438 2398 588 2452 contractu
611 2391 648 2450 sit
670 2392 810 2451 adversus
839 2411 908 2452 eum
935 2392 1092 2453 constituta
1118 2390 1193 2451 haec
1218 2391 1293 2452 actio
1321 2395 1350 2452 et

265 2477 450 2554 aliquatenus
476 2477 578 2554 culpae
602 2495 671 2536 reus
700 2484 760 2549 est,
791 2477 870 2552 quod
898 2496 987 2554 opera
1016 2477 1161 2537 malorum
1192 2476 1350 2537 hominum

263 2570 406 2637 uteretur,
434 2563 498 2624 ideo
522 2562 606 2640 quasi
628 2581 664 2621 ex
689 2561 833 2623 maleficio
856 2563 948 2623 teneri
971 2563 1091 2623 videtur.
1129 2562 1159 2621 in
1182 2561 1229 2621 his
1251 2568 1350 2623 autem

265 2649 383 2710 casibus
405 2649 436 2709 in
458 2650 568 2710 factum
591 2648 666 2709 actio
694 2647 846 2725 competit,
877 2668 954 2724 quae
981 2648 1080 2710 heredi
1107 2647 1226 2724 quidem
1254 2648 1349 2722 datur,

266 2736 406 2796 adversus
429 2735 567 2795 heredem
591 2739 688 2795 autem
711 2752 775 2794 non
797 2735 944 2812 competit.

776 2904 835 2965 Vl⁶

657 3004 704 3058 DE
721 3004 954 3061 ACTIONIBUS.

330 3111 483 3190 Superest,
513 3117 545 3171 ut
571 3110 608 3171 de
634 3111 797 3173 actionibus
824 3113 991 3189 loquamur.
1038 3111 1134 3174 7εεῐίο
1156 3120 1256 3173 autem
1278 3111 1351 3172 nihil
1381 3149 1384 3155 «

266 3198 342 3259 aliud
365 3206 418 3271 est,
443 3217 532 3275 quam
555 3197 601 3257 ius
624 3198 818 3275 persequendi
840 3198 944 3259 iudicio
967 3200 1047 3275 quod
1069 3198 1124 3259 sibi
1146 3199 1278 3259 debetur.

329 3283 470 3344 Omnium
493 3282 657 3356 actionum,
680 3284 786 3360 quibus
808 3283 885 3345 inter
908 3285 1021 3362 aliquos
1043 3286 1122 3362 apud
1144 3284 1253 3345 iudices
1275 3284 1349 3345 arbi·
1369 3292 1383 3348 1

263 3376 360 3431 trosve
383 3370 419 3431 de
440 3388 557 3447 quaque
579 3368 631 3429 re⁸
654 3370 811 3446 quaeritur,
841 3390 961 3432 summa
982 3371 1084 3431 divisio
1106 3371 1136 3430 in
1160 3371 1218 3431 duo
1240 3390 1351 3448 genera

264 3455 429 3517 deducitur:
460 3463 512 3516 aut
533 3455 613 3515 enim
635 3456 666 3515 in
689 3476 752 3517 rem
780 3464 851 3517 sunt
878 3465 929 3517 aut
955 3457 984 3516 in
1014 3476 1182 3535 personam.
1220 3476 1352 3534 namque

267 3542 328 3618 agit
349 3543 552 3620 unusquisque
575 3549 626 3602 aut
648 3562 716 3602 cum
738 3561 783 3615 eo,
808 3542 857 3619 qui
881 3543 906 3603 ei
929 3542 1075 3620 obligatus
1098 3551 1143 3604 est
1164 3545 1210 3605 vel
1232 3563 1268 3604 ex
1284 3564 1351 3605 con·

263 3634 357 3687 tractu
379 3630 425 3689 vel
447 3648 482 3689 ex
505 3628 658 3702 maleficio,
683 3646 741 3705 quo
764 3647 836 3688 casu
858 3628 988 3706 proditae
1003 3630 1133 3690 actiones
1147 3629 1178 3689 in
1193 3649 1352 3707 personam

265 3719 343 3787 sunt,
367 3734 419 3790 per
441 3735 514 3791 quas
537 3714 662 3776 intendit
683 3714 884 3774 adversarium
906 3713 953 3774 ei⁰
975 3715 1045 3775 dare
1066 3714 1154 3776 aut¹⁰
1172 3716 1242 3777 dare
1256 3716 1352 3777 lacere

332 3850 342 3880 ¹
361 3848 394 3915 εἰ]
413 3851 445 3914 P,
464 3869 513 3901 om.
525 3851 575 3903 Bo
650 3848 721 3913 ἐι
740 3854 790 3918 fla.
809 3851 900 3903 samua
916 3852 977 3918 Die·
990 3850 1014 3916 9,
1024 3850 1074 3917 3,t
1098 3852 1169 3917 (cat.
1182 3852 1229 3903 tc
1250 3852 1288 3902 aa
1310 3852 1350 3905 eu.

257 3916 346 3986 prov.)
419 3920 552 3971 'medicis
570 3921 657 3973 om.B
728 3918 836 3982 ⁴523
854 3938 885 3972 ccc
905 3921 972 3972 Gaio
990 3923 1007 3973 t.
1021 3922 1038 3970 l.
1057 3919 1128 3989 (Diq.
1140 3921 1183 3986 44,
1193 3920 1242 3984 7,5
1260 3918 1313 3981 55.
1324 3917 1351 3988 6)

265 3984 362 4054 ‘dolol
387 3988 447 4040 libri
468 4006 525 4039 cum
546 3986 577 4054 Θ,
602 3992 695 4041 damno
714 3988 774 4055 Diq.
854 3989 925 4058 ⁰0f.
940 3991 999 4043 Gai.
1011 3988 1139 4055 4‚1..74
1217 3990 1228 4021 ⁷
1240 4007 1286 4056 pr.
1298 3991 1350 4057 fiat.

263 4058 354 4109 similia
365 4058 426 4125 Dip.
438 4055 481 4123 44,
491 4057 516 4120 7,
526 4055 558 4110 51
577 4055 653 4125 (Octa.
667 4060 684 4111 t.
697 4055 713 4109 3
726 4055 788 4125 clip.)
843 4060 974 4126 ⁸quaque
990 4056 1028 4125 re]
1049 4059 1120 4125 01³⁰,
1138 4074 1191 4124 qua
1209 4058 1234 4108 B
1287 4056 1351 4127 'eil

264 4143 314 4178 eor.
327 4128 377 4177 sibi
449 4126 472 4157 ¹⁰
490 4128 552 4179 dare
569 4125 625 4194 aut]
643 4128 698 4193 Bu,
716 4145 765 4181 orn.
777 4124 831 4179 ΕΘ

314 4226 434 4271 Iustiniani
446 4228 610 4275 Institutioues
636 4228 675 4272 111.
683 4228 724 4272 Ed.
1111 4228 1144 4284 10
