3309 4917
740 342 772 360 fl

305 420 406 484 11‚4.5
728 400 955 518 ⁰—44—
1156 440 1195 486 nn
1210 431 1406 490 usurnnoru‘

305 613 404 656 rerum
434 611 523 654 usum
553 593 682 654 fructum
710 592 862 665 constitui,
892 600 923 652 ut
950 599 1050 654 tamen
1080 611 1116 655 eo
1145 592 1266 655 nomine
1288 595 1391 665 heredi

304 680 412 742 utiliter
434 685 578 740 caveatur.
616 678 714 755 itaque
743 679 768 738 si
797 678 939 756 pecuniae
965 679 1173 740 ususfructus
1200 679 1316 756 legatus
1345 681 1392 754 sit,

304 768 344 826 ita
366 766 452 825 datur
474 764 625 842 legatario,
648 771 681 824 ut
702 764 765 826 eius
787 765 847 838 fiat,
871 771 899 824 et
920 764 1080 842 legatarius
1095 765 1217 827 satisdat
1231 765 1331 826 heredi
1356 767 1393 828 de

218 841 227 857 ‘
304 858 386 912 tanta
411 851 535 928 pecunia
567 851 761 924 restituenda,
794 850 820 910 si
852 850 993 912 morietur
1023 857 1076 911 aut
1105 851 1199 929 capite
1231 851 1391 915 minuetur.

304 945 416 999 ceterae
438 955 556 1014 quoque
577 955 625 996 res
645 936 685 995 ita
712 936 870 997 traduntur
894 936 1049 1012 legatario,
1079 944 1114 998 ut
1134 936 1197 998 eius
1219 935 1308 999 fiant:
1339 938 1392 999 sed

304 1022 463 1085 aestimatis
485 1022 531 1083 his
553 1021 724 1096 satisdatur,
752 1029 800 1094 ut,
832 1021 857 1082 si
878 1021 1020 1084 morietur
1042 1029 1093 1084 aut
1115 1021 1210 1100 capite
1231 1023 1390 1098 minuetur,

303 1116 384 1170 tanta
407 1108 531 1187 pecnnia
553 1108 734 1181 restituatur,
764 1107 867 1186 quanti
894 1127 946 1169 eae
971 1107 1079 1170 luerint
1101 1108 1283 1170 aestimatae.
1318 1128 1391 1187 ergo

303 1202 423 1256 senatus
451 1213 513 1255 non
541 1193 608 1254 lecit
635 1193 754 1271 quidem
780 1198 899 1254 earum'
914 1213 1013 1256 rerum
1044 1213 1132 1255 usum
1163 1195 1292 1255 fructum
1323 1197 1393 1273 (nec

304 1281 384 1342 enim
413 1281 554 1358 poterat),
584 1279 637 1340 sed
665 1299 717 1358 per
745 1279 912 1341 cautionem
940 1279 1024 1357 quasi
1051 1299 1139 1341 usum
1166 1280 1294 1341 fructum
1323 1299 1392 1341 eon·

268 1370 285 1424 3
303 1366 405 1428 stituit.
449 1365 563 1426 Finitur
585 1373 685 1428 autem
706 1385 779 1426 usus
800 1366 914 1428 tructus
929 1373 1024 1427 morte
1037 1365 1188 1428 fructuarii
1209 1373 1238 1427 et
1259 1361 1391 1428 <duabus

303 1453 405 1530 capitis
427 1452 689 1526 deminutionibus,
719 1452 850 1512 maxima
870 1458 899 1512 et
917 1446 1039 1526 media',
1063 1459 1092 1514 et
1114 1471 1175 1513 non
1192 1452 1301 1514 utendo
1324 1447 1393 1530 <per

302 1540 425 1600 modum
451 1545 479 1600 et
506 1546 633 1617 tempus.
672 1556 747 1614 quae
764 1537 891 1598 omnia¹
913 1544 1015 1598 nostra
1038 1538 1138 1600 statuit
1167 1533 1389 1600 constituti02'.

301 1625 371 1685 item
393 1623 494 1684 finitur
507 1643 581 1684 usus
596 1623 718 1696 tructus,
742 1623 767 1684 si
782 1623 903 1683 domino
919 1623 1103 1702 proprietatis
1119 1625 1157 1684 ab
1174 1624 1391 1685 usufructuario

302 1711 421 1770 cedatur
443 1711 527 1786 (nam
550 1715 689 1770 extraneo
712 1709 842 1770 cedendo
865 1709 938 1770 nihil
961 1710 1085 1787 agitur):
1116 1710 1161 1772 vel
1184 1730 1221 1771 ex
1243 1710 1390 1771 contrario

302 1796 327 1856 si
349 1794 524 1856 fructuarius
547 1794 754 1873 proprietatem
776 1793 818 1855 rei
840 1795 1017 1872 adquisierit,
1041 1814 1117 1872 quae
1137 1816 1184 1856 res
1200 1795 1392 1856 consolidatio

303 1882 472 1959 appellatur.
506 1900 540 1941 eo
563 1881 690 1959 amplius
711 1887 839 1956 constat,
871 1882 896 1942 si
925 1881 1013 1941 aedes
1039 1880 1175 1942 incendio
1198 1888 1391 1959 consumptae

302 1966 409 2028 luerint
431 1966 586 2028 ueletiam
608 1973 703 2028 terrae
725 1974 808 2028 motu
832 1973 883 2027 aut
905 1967 972 2028 vitio
995 1985 1049 2027 suo
1065 1967 1237 2042 corruerint,
1261 1967 1391 2044 extingui

267 2057 286 2110 4
302 2072 391 2113 usum
413 2053 540 2114 fructum
563 2059 592 2114 et
613 2071 652 2112 ne
675 2072 760 2114 areae
775 2053 895 2131 quidem
910 2072 999 2113 usum
1014 2053 1144 2114 fructum
1159 2052 1268 2115 deberi.
1314 2053 1391 2114 Cum

302 2145 400 2199 autem
426 2139 526 2198 finitus
556 2138 642 2198 tuerit
671 2157 743 2199 usus
773 2139 898 2210 tructus,
935 2139 1087 2198 revertitur
1116 2138 1224 2200 scilicet
1258 2138 1295 2198 ad
1324 2157 1389 2216 pro·

301 2225 452 2302 prietatem
476 2229 562 2284 etex
584 2243 619 2284 eo
645 2228 779 2301 tempore
799 2223 897 2283 nudae
919 2223 1103 2300 proprietatis
1126 2223 1266 2285 dominus
1289 2223 1388 2300 incipit

302 2311 422 2388 plenam
445 2309 555 2370 habere
577 2309 608 2369 in
629 2329 661 2370 re
683 2315 867 2386 potestatem.

821 2495 868 2556 V³

603 2615 651 2669 DE
669 2613 741 2670 USU
758 2614 805 2669 ΕΤ
823 2613 1087 2669 ΗΑΒΙΤΑΤΙΟΝΕ.

368 2717 484 2782 4lsdem
506 2720 570 2781 istis
591 2720 697 2795 modis,
721 2720 828 2799 quibus
851 2721 1058 2781 ususfructus
1081 2719 1276 2794 constituitur,
1301 2720 1390 2782 etiam

300 2806 399 2867 nudus
422 2826 494 2867 usus
516 2807 655 2868 constitui
677 2808 751 2868 solet
772 2807 925 2884 isdemque
947 2806 1003 2866 illis
1027 2806 1122 2866 modis
1144 2806 1252 2880 finitur,
1281 2807 1390 2884 quihus

266 2900 329 2959 1et
350 2913 423 2953 usus
447 2893 560 2953 fructus
583 2892 698 2954 desinit.
743 2892 841 2953 Minus
868 2899 967 2953 autem
990 2891 1097 2954 scilicet
1119 2892 1190 2952 iuris
1212 2893 1244 2952 in
1261 2912 1322 2954 usu
1345 2900 1390 2954 est

301 2998 392 3055 quam
414 2979 444 3039 in
468 2999 523 3040 usu
539 2979 645 3042 fructu.
680 2997 810 3056 namque
831 2979 866 3052 is,
891 2979 941 3055 qui
955 2978 1039 3039 fundi
1054 2979 1168 3040 nudum
1184 2998 1272 3040 usum
1288 2979 1389 3052 habet,

300 3064 373 3123 nihil
394 3065 517 3126 ulterius
540 3065 649 3126 habere
678 3065 865 3142 intellegitur,
896 3084 988 3141 quam
1014 3071 1047 3125 ut
1069 3065 1197 3126 oleribus
1220 3065 1317 3142 pomis
1341 3065 1390 3125 llo·

301 3149 381 3209 ribus
404 3149 471 3209 leno
500 3151 669 3211 stramentis
697 3151 786 3228 lignis
813 3152 850 3211 ad
873 3169 962 3210 usum
984 3150 1176 3211 cottidianum
1198 3157 1313 3211 utatur:
1342 3150 1390 3209 5in

300 3239 394 3311 e'oque
416 3235 508 3295 fundo
530 3235 674 3296 hactenus
697 3237 724 3296 ei
746 3236 856 3296 morari
878 3236 959 3310 licet,
987 3242 1020 3296 ut
1043 3255 1139 3313 neque
1162 3235 1282 3296 domino
1306 3235 1389 3294 tundi

300 3322 444 3381 molestus
466 3320 504 3380 sit
526 3339 622 3397 neque
643 3321 706 3394 his,
734 3342 786 3399 per
808 3340 885 3398 quos
907 3340 997 3399 opera
1018 3323 1127 3382 rustica
1148 3321 1237 3395 fiunt,
1270 3320 1390 3398 impedi·

299 3413 401 3466 mento
424 3405 475 3467 sit:
497 3425 554 3467 nec
575 3406 627 3467 ulli
650 3406 698 3466 alii
721 3406 767 3467 ius
789 3408 868 3484 quod
892 3407 981 3468 hahet
1003 3415 1054 3468 aut
1074 3408 1198 3468 vendere
1221 3413 1272 3467 aut
1293 3408 1391 3467 locare

300 3497 351 3551 aut
373 3491 465 3569 gratis
491 3492 650 3553 concedere
679 3499 788 3569 potest,
811 3489 895 3553 <cum
919 3493 943 3553 is
967 3492 1017 3569 qui
1038 3513 1126 3574 usum
1150 3493 1277 3554 fructum
1299 3493 1391 3553 habet

264 3590 281 3643 2
300 3583 395 3654 potest
414 3577 487 3638 haec
508 3578 608 3638 omnia
628 3573 738 3639 tacere>
747 3578 769 3641 θ.
812 3579 885 3639 ltem
908 3579 942 3653 is,
967 3579 1018 3655 qui
1039 3579 1156 3640 aedium
1178 3599 1266 3640 usum
1289 3579 1389 3652 habet,

300 3662 443 3722 hactenus
465 3663 537 3723 iuris
559 3664 669 3725 habere
690 3664 878 3743 intellegitur,
903 3671 935 3725 ut
956 3665 1019 3742 ipse
1041 3672 1158 3725 tantum
1179 3665 1306 3737 habitet,
1333 3683 1389 3724 nec

300 3747 423 3808 hocius
446 3747 484 3808 ad
510 3749 601 3810 alium
628 3751 788 3812 transferre
810 3757 919 3828 potest:
949 3758 977 3811 et
1007 3750 1053 3810 vix
1081 3757 1231 3828 receptum
1263 3750 1386 3822 videtur,

228 3913 234 3928 ⁸
300 3840 332 3893 ut
359 3833 506 3911 hospitem
532 3833 559 3895 ei
586 3836 713 3914 recipere
740 3837 834 3899 liceat.
876 3843 905 3897 et
931 3855 1000 3898 cum
1029 3855 1122 3897 uxore
1151 3855 1206 3897 sua
1232 3835 1391 3912 liberisque

370 3987 466 4053 ¹quae
483 3983 577 4054 omnia]
595 3984 651 4053 ΤΘ,
668 3989 775 4057 quodB
847 3988 939 4041 ²00d.
951 3985 1028 4053 3‚33,
1040 3987 1073 4042 16
1138 3987 1226 4055 'Diffi
1240 3985 1302 4051 7,8;
1320 3983 1391 4051 33‚2

302 4053 364 4107 cod.
384 4053 453 4120 &33
518 4056 529 4087 ⁴
542 4074 587 4122 pr.
606 4057 688 4110 simile
701 4053 1198 4126 th.'1‚1‚3§dtdmttrenrotm
1259 4055 1327 4116 δέ]
1338 4058 1389 4122 fin.

302 4139 332 4173 ec
352 4124 411 4177 cai.
430 4126 447 4177 l.
466 4123 483 4176 2
500 4142 552 4178 rer.
571 4134 627 4179 cett.
647 4123 718 4194 (Dtp.
737 4126 761 4192 7,
771 4124 796 4192 8,
807 4123 853 4193 11)
926 4122 993 4159 ⁰⁰
1008 4126 1161 4178 Iucthaiuaia
1178 4125 1266 4177 tribuit
1283 4125 1392 4178 Ferriui
