3309 4917
314 441 401 508 11,20
780 418 784 429 ¹
844 444 885 503 74
1194 489 1202 496 .
1363 459 1404 504 nn

315 616 412 687 aliena
439 615 537 692 legata
566 613 653 674 fuerit
680 620 709 673 et
733 612 795 675 eius
817 613 883 674 vivo
910 619 1049 675 testatore
1076 612 1235 689 legatarius
1260 613 1402 674 dominus
1463 683 1465 690 Α

315 703 408 762 lactus
435 701 532 774 fuerit,
568 701 593 760 si
619 699 737 776 quidem
765 720 802 760 ex
831 719 921 761 causa
949 699 1119 777 emptionis,
1154 717 1190 758 ex
1221 705 1401 761 testamento

315 788 430 848 actione
451 787 579 865 pretium
605 785 745 862 consequi
773 792 882 863 potest:
913 786 1028 846 sivero
1059 804 1096 845 ex
1126 803 1215 845 causa
1248 785 1401 858 lucrativa,

315 874 403 934 veluti
425 893 462 934 ex
484 872 643 934 donatione
662 871 710 932 vel
732 872 848 934 exalia
870 871 958 932 simili
981 891 1080 945 causa,
1105 889 1194 948 agere
1218 890 1279 931 nou
1295 878 1401 948 potest.

314 979 387 1020 nam
408 959 547 1020 traditum
571 965 615 1019 est
637 958 711 1018 duas
733 957 888 1019 lucrativas
912 976 1016 1019 causas
1039 957 1070 1017 in
1093 958 1221 1017 eundem
1247 958 1400 1018 homiuem

314 1054 343 1107 et
363 1045 395 1106 in
417 1045 542 1107 eandem
569 1064 634 1105 rem
662 1063 836 1105 concurrere
862 1063 924 1105 non
949 1063 1046 1122 posse.
1084 1044 1142 1104 hac
1171 1042 1285 1104 ratione
1312 1044 1337 1104 si
1365 1064 1401 1104 ex

313 1133 431 1193 duobus
451 1131 634 1192 testamentis
657 1130 760 1191 eadem
781 1150 829 1191 res
852 1131 946 1191 eidem
969 1130 1119 1202 debeatur,
1142 1129 1273 1203 interest,
1297 1137 1399 1190 utrum

313 1237 378 1279 rem
399 1237 438 1277 an
461 1217 696 1278 aestimationem
718 1237 755 1278 ex
775 1222 955 1278 testamento
983 1223 1160 1277 consecutus
1187 1223 1245 1277 est:
1274 1235 1346 1276 nam
1376 1216 1401 1276 si

314 1323 391 1379 rem,
419 1323 508 1382 agere
534 1322 596 1363 non
622 1309 731 1380 potest,
762 1301 851 1379 quial
873 1302 962 1363 habet
985 1321 1052 1362 eam
1075 1321 1112 1362 ex
1135 1320 1224 1362 causa
1246 1301 1397 1376 lucrativa,

281 1389 340 1450 lsi
369 1389 620 1462 aestimationem,
651 1408 740 1466 agere
768 1395 873 1465 potest.
921 1383 1001 1448 lbEa
1030 1406 1148 1466 quoque
1175 1407 1237 1461 res,
1270 1388 1400 1465 quaein

317 1472 432 1536 *rerum
454 1483 560 1536 natura
582 1494 644 1535 non
671 1481 728 1548 est,
758 1475 784 1534 si
809 1474 899 1535 modo
926 1473 1024 1534 futura
1054 1481 1112 1547 cst,
1136 1468 1228 1534 <recte
1256 1469 1398 1551 legatur'‚

318 1558 420 1623 *veluti
442 1562 555 1623 fructus
577 1561 627 1637 qui
648 1560 680 1620 in
701 1560 751 1621 illo
773 1560 865 1622 fundo
888 1559 950 1620 nati
972 1566 1072 1636 erunt,
1102 1565 1153 1620 aut
1179 1560 1258 1635 quod
1286 1579 1323 1620 ex
1351 1560 1400 1620 illa

280 1655 297 1710 8
317 1643 438 1708 *ancilla
459 1655 565 1708 natum
587 1642 665 1706 erit*
700 1645 733 1705 Si
755 1647 859 1707 eadem
881 1665 929 1706 res
952 1645 1068 1706 duobus
1091 1646 1190 1722 legata
1204 1645 1242 1706 sit
1257 1645 1318 1706 sive
1332 1665 1399 1707 con·

313 1733 436 1794 iunctim
459 1733 519 1794 sive
545 1732 723 1806 disiunctim,
748 1731 773 1792 si
795 1733 886 1793 ambo
908 1731 1079 1810 perveniant
1101 1732 1139 1792 ed
1161 1733 1302 1809 legatum,
1327 1733 1401 1792 scin·

314 1819 392 1879 ditur
414 1819 490 1878 iuter
512 1837 563 1880 cos
591 1819 736 1896 legatum:
770 1818 795 1878 si
824 1819 897 1879 alter
926 1817 1052 1892 deficiat,
1083 1816 1152 1894 quia
1179 1824 1231 1878 aut
1261 1819 1401 1896 spreverit

313 1907 446 1982 legatum
472 1911 523 1965 aut
552 1903 616 1966 vivo
642 1911 780 1966 testatore
807 1903 963 1965 decesserit
990 1911 1041 1964 aut
1067 1904 1124 1964 alio
1151 1903 1281 1980 quolibet
1310 1905 1400 1964 modo

314 1991 463 2066 defecerit,
493 1998 590 2052 totum
617 1990 655 2051 ad
678 1991 899 2069 collegatarium
922 1990 1054 2067 pertinet.
1099 1989 1278 2050 coniunctim
1300 1998 1399 2051 autem

314 2077 430 2154 legatur
451 2077 540 2138 veluti
562 2077 587 2137 si
609 2077 675 2153 quis
698 2077 774 2137 dicat
791 2071 883 2138 ‘Titio
906 2083 934 2136 et
948 2075 1017 2137 Scio
1035 2075 1188 2136 hominem
1205 2075 1338 2136 Stichum
1362 2077 1400 2136 do

314 2160 402 2240 lego²2
436 2162 605 2223 disiunctim
631 2162 672 2222 ita
699 2160 786 2223 ‘Titio
812 2163 965 2223 hominem
992 2161 1126 2222 Stichum
1152 2162 1191 2222 dc
1218 2163 1301 2238 lego,
1333 2162 1399 2223 Seio

315 2248 450 2309 Stichum
477 2248 513 2308 do
547 2245 635 2326 lego².
678 2248 731 2308 scd
759 2246 808 2308 et³
832 2248 857 2307 si
883 2248 1058 2325 expresserit
1079 2242 1217 2308 ‘eundem
1245 2247 1399 2308 hominem

280 2341 297 2396 9
315 2331 469 2407 Stichum',
500 2353 593 2410 aeque
620 2333 787 2394 disiunctim
809 2334 940 2409 legatum
962 2333 1148 2410 intellegitur.
1184 2332 1216 2393 Si
1229 2333 1276 2394 eui
1291 2334 1399 2394 fundus

314 2420 427 2480 alienus
460 2420 577 2496 legatus
609 2419 696 2480 fuerit
726 2426 755 2480 ct
785 2419 888 2480 emerit
921 2419 1128 2497 proprietatem
1161 2419 1311 2480 detracto4
1342 2439 1398 2481 usu

314 2506 409 2566 fructu
432 2513 459 2566 et
481 2506 686 2566 ususfructus
716 2505 753 2565 ad
780 2525 851 2567 eum
877 2506 1041 2582 pervenerit
1067 2513 1096 2566 et
1122 2513 1223 2582 postea
1251 2525 1288 2566 ex
1314 2514 1399 2567 testa·

314 2599 415 2652 mento
438 2598 516 2670 agat,
540 2598 617 2653 recte
639 2611 708 2652 eum
730 2609 819 2669 agere
835 2588 878 2652 <et
900 2591 1025 2652 fundum
1048 2587 1160 2668 petere>
1177 2591 1327 2653 lulianus⁵
1349 2593 1397 2666 ait,

313 2673 398 2754 <quia
419 2697 492 2738 usus
513 2678 624 2738 fructus
646 2677 837 2755 inpetitione
863 2677 1011 2738 servitutis
1033 2678 1130 2738 locum
1162 2672 1286 2754 optinet>
1296 2676 1322 2739 ⁰:
1347 2678 1398 2738 sed

314 2763 409 2825 cilicio
438 2763 539 2824 iudicis
568 2763 723 2837 contineri,
747 2759 795 2824 <ut
823 2764 947 2824 deducto
977 2783 1033 2824 usu
1063 2763 1160 2824 fructu
1189 2763 1287 2824 iubeat
1305 2764 1398 2824 'aesti-

262 2856 297 2913 10
314 2849 476 2912 mationem
498 2844 680 2928 praestari't
726 2851 785 2911 Sed
808 2849 833 2910 si
856 2868 918 2910 rem
941 2849 1073 2928 legatarii
1102 2849 1168 2926 quis
1195 2849 1221 2910 ei
1248 2850 1398 2928 legaverit,

314 2936 415 2997 inutile
441 2936 574 3014 legatum
604 2942 662 3010 est,
694 2936 763 3013 quia
784 2935 864 3012 quod
890 2936 1042 3014 proprium
1069 2943 1113 2996 est
1140 2935 1245 3012 ipsius,
1275 2937 1401 3015 amplius

314 3023 377 3083 eius
399 3022 461 3083 tieri
483 3042 544 3084 non
567 3030 681 3100 potest:
705 3029 734 3083 et
755 3023 821 3083 licet
843 3022 1011 3083 alienaverit
1032 3041 1108 3095 eam,
1131 3041 1192 3082 non
1211 3024 1332 3084 debetur
1345 3041 1400 3082 nec

263 3116 296 3168 11
315 3110 379 3185 ipsa
408 3128 463 3168 nec
491 3108 655 3168 aestimatio
686 3108 758 3169 eius.
805 3107 836 3169 Si
864 3103 930 3184 quis
960 3128 1023 3168 rem
1053 3127 1139 3168 suam
1167 3109 1250 3186 quasi
1272 3109 1399 3169 alienam

314 3193 463 3271 legaverit,
487 3194 563 3254 valet
585 3194 729 3270 legatum:
759 3213 830 3253 nam
853 3195 920 3272 plus
942 3195 1026 3268 valet,
1050 3194 1129 3270 quod
1151 3193 1182 3253 in
1204 3194 1323 3255 veritate
1345 3201 1398 3266 est,

314 3299 406 3355 quam
434 3279 513 3355 quod
543 3279 573 3339 in
604 3279 751 3356 opinione.
797 3281 848 3340 sed
880 3286 909 3340 ct
938 3279 963 3339 si
990 3279 1122 3356 legatarii
1150 3279 1273 3356 putavit,
1304 3280 1401 3340 valere

263 3371 297 3424 12
315 3371 443 3438 constat,
468 3364 537 3440 quia
559 3364 672 3425 exitum
694 3366 829 3425 voluntas
852 3364 980 3426 defuncti
1001 3372 1096 3442 potest
1118 3365 1236 3425 habere.
1280 3363 1313 3424 Si
1335 3383 1399 3424 rem

314 3468 400 3509 suam
427 3449 566 3526 legaverit
588 3455 710 3512 testator
732 3458 892 3528 posteaque
915 3470 983 3511 cam
1005 3451 1185 3525 alienaverit,
1220 3449 1324 3511 Celsus
1352 3468 1399 3510 ex-

314 3535 437 3608 istimat,
461 3535 486 3595 si
509 3555 571 3597 non
593 3536 741 3597 adimendi
763 3537 864 3597 auimo
887 3536 1028 3610 vendidit,
1054 3536 1146 3597 nihilo
1169 3535 1267 3596 minus
1290 3536 1398 3610 deberi,

314 3619 402 3696 idque
413 3620 470 3680 divi
479 3621 605 3682 Severus
616 3629 645 3683 et
654 3621 823 3683 Antoninus
835 3621 1054 3700 rescripserunt.
1078 3622 1157 3683 idem
1168 3621 1399 3700 rescripserunt8

314 3725 397 3779 eum,
428 3706 479 3783 qui
500 3714 568 3784 post
590 3715 800 3770 testamentum
824 3708 934 3770 lactum
957 3707 1075 3786 praedia
1097 3727 1173 3785 quae
1195 3708 1294 3787 legata
1315 3715 1400 3770 erant

314 3792 429 3870 pignori
451 3793 543 3866 dedit,
567 3793 712 3855 ademisse
734 3796 867 3872 legatum
891 3814 952 3855 non
974 3793 1064 3854 videri
1086 3802 1115 3855 et
1136 3793 1201 3855 ideo
1223 3795 1399 3873 legatarium

315 3897 383 3938 cum
405 3879 513 3939 herede
539 3897 626 3955 agere
653 3899 753 3957 posse,
782 3887 814 3940 ut
841 3879 959 3958 praedia
988 3899 1006 3940 a
1031 3879 1172 3941 creditore
1198 3883 1328 3944 tuantur.
1374 3880 1399 3940 si

386 4012 634 4082 ¹quia]'1',quiB
696 4015 785 4068 ²oaa.
796 4013 820 4081 2,
830 4013 882 4069 203
944 4016 998 4070 θοι
1013 4013 1044 4078 c,
1062 4017 1181 4069 omina
1246 3979 1399 4070 ‘coemtio

313 4081 347 4145 B,
371 4081 531 4137 deducto&
610 4082 754 4151 ‘Diam
767 4082 802 4136 82
817 4083 862 4145 §2
942 4083 1009 4116 ⁶0
1034 4087 1240 4138 lumiminum-run
1263 4104 1315 4139 casa
1337 4087 1401 4139 cidit

313 4150 406 4219 Louqo
477 4155 488 4185 ⁷
506 4149 542 4179 ⁰
562 4154 627 4206 Iacet.
645 4153 744 4220 (Faber
761 4155 858 4205 collato
877 4155 893 4206 i.
907 4150 940 4206 82
959 4153 1002 4216 §2
1021 4157 1072 4220 cit.)
1143 4157 1153 4188 ⁸
1174 4155 1236 4208 dod.
1250 4155 1273 4222 6,
1284 4154 1353 4224 37,3
