<?xml version="1.0" encoding="UTF-8"?>
<!DOCTYPE html PUBLIC "-//W3C//DTD XHTML 1.0 Transitional//EN"
    "http://www.w3.org/TR/xhtml1/DTD/xhtml1-transitional.dtd">
<html xmlns="http://www.w3.org/1999/xhtml" xml:lang="en" lang="en">
 <head>
  <title>
</title>
<meta http-equiv="Content-Type" content="text/html;charset=utf-8" />
  <meta name='ocr-system' content='tesseract 3.04.00' />
  <meta name='ocr-capabilities' content='ocr_page ocr_carea ocr_par ocr_line ocrx_word'/>
</head>
<body>
  <div class='ocr_page' id='page_1' title='image "./iustinianiinsti00kruegoog_0083.png"; bbox 0 0 3309 4917; ppageno 0'>
   <div class='ocr_carea' id='block_1_1' title="bbox 287 411 1374 512">
    <p class='ocr_par' dir='ltr' id='par_1_1' title="bbox 287 411 1374 512">
     <span class='ocr_line' id='line_1_1' title="bbox 287 411 1374 512; baseline -0.002 -31"><span class='ocrx_word' id='word_1_1' title='bbox 287 435 327 481; x_wconf 82' lang='lat' dir='ltr'>oo</span> <span class='ocrx_word' id='word_1_2' title='bbox 344 437 415 481; x_wconf 79' lang='lat' dir='ltr'>uon.</span> <span class='ocrx_word' id='word_1_3' title='bbox 433 436 522 490; x_wconf 76' lang='lat' dir='ltr'>coru.</span> <span class='ocrx_word' id='word_1_4' title='bbox 538 437 577 481; x_wconf 84' lang='lat' dir='ltr'>rr</span> <span class='ocrx_word' id='word_1_5' title='bbox 592 435 668 480; x_wconf 76' lang='lat' dir='ltr'>oras.</span> <span class='ocrx_word' id='word_1_6' title='bbox 730 419 937 512; x_wconf 48' lang='lat' dir='ltr'><strong><em>L</em></strong></span> <span class='ocrx_word' id='word_1_7' title='bbox 1297 412 1332 478; x_wconf 73' lang='grc' dir='ltr'>Π,</span> <span class='ocrx_word' id='word_1_8' title='bbox 1341 411 1374 469; x_wconf 90' lang='grc'>19</span> 
     </span>
    </p>
   </div>
   <div class='ocr_carea' id='block_1_2' title="bbox 222 587 1416 3851">
    <p class='ocr_par' dir='ltr' id='par_1_2' title="bbox 222 587 1416 3851">
     <span class='ocr_line' id='line_1_2' title="bbox 290 587 1375 662; baseline -0.001 -11"><span class='ocrx_word' id='word_1_9' title='bbox 290 587 365 651; x_wconf 67' lang='lat' dir='ltr'>*tate</span> <span class='ocrx_word' id='word_1_10' title='bbox 387 597 489 651; x_wconf 91' lang='lat' dir='ltr'>nostra</span> <span class='ocrx_word' id='word_1_11' title='bbox 510 609 572 651; x_wconf 90' lang='lat' dir='ltr'>non</span> <span class='ocrx_word' id='word_1_12' title='bbox 594 596 672 662; x_wconf 87' lang='lat' dir='ltr'>sunt,</span> <span class='ocrx_word' id='word_1_13' title='bbox 696 590 821 650; x_wconf 89' lang='lat' dir='ltr'>heredes</span> <span class='ocrx_word' id='word_1_14' title='bbox 837 609 855 650; x_wconf 89' lang='lat' dir='ltr'>a</span> <span class='ocrx_word' id='word_1_15' title='bbox 870 589 955 650; x_wconf 92' lang='lat' dir='ltr'>nobis</span> <span class='ocrx_word' id='word_1_16' title='bbox 969 588 1092 650; x_wconf 90' lang='lat' dir='ltr'>instituti</span> <span class='ocrx_word' id='word_1_17' title='bbox 1107 588 1237 650; x_wconf 85' lang='lat' dir='ltr'><strong>extranei</strong></span> <span class='ocrx_word' id='word_1_18' title='bbox 1252 589 1375 650; x_wconf 91' lang='lat' dir='ltr'>heredes</span> 
     </span>
     <span class='ocr_line' id='line_1_3' title="bbox 290 673 1374 754; baseline -0.001 -19"><span class='ocrx_word' id='word_1_19' title='bbox 290 673 449 738; x_wconf 58' lang='lat' dir='ltr'>*videntur</span> <span class='ocrx_word' id='word_1_20' title='bbox 495 695 554 752; x_wconf 89' lang='lat' dir='ltr'>qua</span> <span class='ocrx_word' id='word_1_21' title='bbox 576 675 613 736; x_wconf 91' lang='lat' dir='ltr'>de</span> <span class='ocrx_word' id='word_1_22' title='bbox 635 695 726 736; x_wconf 90' lang='lat' dir='ltr'>causa</span> <span class='ocrx_word' id='word_1_23' title='bbox 746 683 776 736; x_wconf 90' lang='lat' dir='ltr'>et</span> <span class='ocrx_word' id='word_1_24' title='bbox 797 675 847 754; x_wconf 91' lang='lat' dir='ltr'>qui</span> <span class='ocrx_word' id='word_1_25' title='bbox 870 675 993 736; x_wconf 87' lang='lat' dir='ltr'>heredes</span> <span class='ocrx_word' id='word_1_26' title='bbox 1016 695 1033 735; x_wconf 91' lang='lat' dir='ltr'>a</span> <span class='ocrx_word' id='word_1_27' title='bbox 1055 681 1150 736; x_wconf 89' lang='lat' dir='ltr'>matre</span> <span class='ocrx_word' id='word_1_28' title='bbox 1173 675 1374 749; x_wconf 85' lang='lat' dir='ltr'>instituuntur,</span> 
     </span>
     <span class='ocr_line' id='line_1_4' title="bbox 289 760 1374 840; baseline -0.003 -16"><span class='ocrx_word' id='word_1_29' title='bbox 289 760 408 824; x_wconf 59' lang='lat' dir='ltr'>*eodem</span> <span class='ocrx_word' id='word_1_30' title='bbox 435 781 560 823; x_wconf 89' lang='lat' dir='ltr'>numero</span> <span class='ocrx_word' id='word_1_31' title='bbox 588 769 671 836; x_wconf 86' lang='lat' dir='ltr'>sunt,</span> <span class='ocrx_word' id='word_1_32' title='bbox 701 762 771 840; x_wconf 90' lang='lat' dir='ltr'>quia</span> <span class='ocrx_word' id='word_1_33' title='bbox 798 760 926 822; x_wconf 88' lang='lat' dir='ltr'>feminae</span> <span class='ocrx_word' id='word_1_34' title='bbox 952 761 983 821; x_wconf 91' lang='lat' dir='ltr'>in</span> <span class='ocrx_word' id='word_1_35' title='bbox 1011 768 1154 839; x_wconf 79' lang='lat' dir='ltr'>potestate</span> <span class='ocrx_word' id='word_1_36' title='bbox 1183 761 1291 823; x_wconf 87' lang='lat' dir='ltr'>liberos</span> <span class='ocrx_word' id='word_1_37' title='bbox 1313 781 1374 823; x_wconf 90' lang='lat' dir='ltr'>non</span> 
     </span>
     <span class='ocr_line' id='line_1_5' title="bbox 290 846 1375 926; baseline -0.001 -17"><span class='ocrx_word' id='word_1_38' title='bbox 290 846 424 910; x_wconf 69' lang='lat' dir='ltr'>*habent</span> <span class='ocrx_word' id='word_1_39' title='bbox 462 868 564 910; x_wconf 84' lang='lat' dir='ltr'>servus</span> <span class='ocrx_word' id='word_1_40' title='bbox 588 868 706 926; x_wconf 92' lang='lat' dir='ltr'>quoque</span> <span class='ocrx_word' id='word_1_41' title='bbox 728 867 746 907; x_wconf 91' lang='lat' dir='ltr'>a</span> <span class='ocrx_word' id='word_1_42' title='bbox 762 847 885 908; x_wconf 91' lang='lat' dir='ltr'>domino</span> <span class='ocrx_word' id='word_1_43' title='bbox 900 849 986 908; x_wconf 89' lang='lat' dir='ltr'>heres</span> <span class='ocrx_word' id='word_1_44' title='bbox 1002 847 1150 908; x_wconf 89' lang='lat' dir='ltr'>institutus</span> <span class='ocrx_word' id='word_1_45' title='bbox 1166 855 1194 908; x_wconf 91' lang='lat' dir='ltr'>et</span> <span class='ocrx_word' id='word_1_46' title='bbox 1209 855 1275 925; x_wconf 91' lang='lat' dir='ltr'>post</span> <span class='ocrx_word' id='word_1_47' title='bbox 1289 855 1375 908; x_wconf 86' lang='lat' dir='ltr'>testa·</span> 
     </span>
     <span class='ocr_line' id='line_1_6' title="bbox 290 929 1372 997; baseline -0.002 -1"><span class='ocrx_word' id='word_1_48' title='bbox 290 931 440 997; x_wconf 61' lang='lat' dir='ltr'>*mentum</span> <span class='ocrx_word' id='word_1_49' title='bbox 463 934 573 996; x_wconf 86' lang='lat' dir='ltr'>iactum</span> <span class='ocrx_word' id='word_1_50' title='bbox 596 935 633 995; x_wconf 92' lang='lat' dir='ltr'>ab</span> <span class='ocrx_word' id='word_1_51' title='bbox 656 954 691 996; x_wconf 91' lang='lat' dir='ltr'>eo</span> <span class='ocrx_word' id='word_1_52' title='bbox 714 934 917 996; x_wconf 85' lang='lat' dir='ltr'><strong>manumissus</strong></span> <span class='ocrx_word' id='word_1_53' title='bbox 940 934 1043 995; x_wconf 89' lang='lat' dir='ltr'>eodem</span> <span class='ocrx_word' id='word_1_54' title='bbox 1066 953 1191 994; x_wconf 90' lang='lat' dir='ltr'>numero</span> <span class='ocrx_word' id='word_1_55' title='bbox 1222 929 1372 996; x_wconf 63' lang='lat' dir='ltr'>babetur*</span> 
     </span>
     <span class='ocr_line' id='line_1_7' title="bbox 292 1019 1408 1094; baseline -0.003 -11"><span class='ocrx_word' id='word_1_56' title='bbox 292 1020 342 1084; x_wconf 82' lang='lat' dir='ltr'>²In</span> <span class='ocrx_word' id='word_1_57' title='bbox 366 1021 512 1082; x_wconf 85' lang='lat' dir='ltr'>extraneis</span> <span class='ocrx_word' id='word_1_58' title='bbox 534 1020 690 1082; x_wconf 86' lang='lat' dir='ltr'>heredibus</span> <span class='ocrx_word' id='word_1_59' title='bbox 712 1020 784 1081; x_wconf 92' lang='lat' dir='ltr'>illud</span> <span class='ocrx_word' id='word_1_60' title='bbox 807 1021 987 1094; x_wconf 85' lang='lat' dir='ltr'>observatur,</span> <span class='ocrx_word' id='word_1_61' title='bbox 1017 1027 1049 1080; x_wconf 92' lang='lat' dir='ltr'>ut</span> <span class='ocrx_word' id='word_1_62' title='bbox 1071 1019 1108 1081; x_wconf 89' lang='lat' dir='ltr'>sil</span> <span class='ocrx_word' id='word_1_63' title='bbox 1130 1039 1198 1081; x_wconf 90' lang='lat' dir='ltr'>cum</span> <span class='ocrx_word' id='word_1_64' title='bbox 1223 1020 1264 1081; x_wconf 92' lang='lat' dir='ltr'>eis</span> <span class='ocrx_word' id='word_1_65' title='bbox 1286 1027 1372 1081; x_wconf 88' lang='lat' dir='ltr'>testa·</span> <span class='ocrx_word' id='word_1_66' title='bbox 1390 1026 1408 1080; x_wconf 84' lang='lat'><strong>4</strong></span> 
     </span>
     <span class='ocr_line' id='line_1_8' title="bbox 286 1106 1377 1185; baseline -0.002 -17"><span class='ocrx_word' id='word_1_67' title='bbox 286 1107 379 1168; x_wconf 90' lang='lat' dir='ltr'>menti</span> <span class='ocrx_word' id='word_1_68' title='bbox 400 1107 497 1185; x_wconf 86' lang='lat' dir='ltr'>factio,</span> <span class='ocrx_word' id='word_1_69' title='bbox 520 1107 581 1168; x_wconf 84' lang='lat' dir='ltr'>sire</span> <span class='ocrx_word' id='word_1_70' title='bbox 602 1107 657 1184; x_wconf 86' lang='lat' dir='ltr'>ipsi</span> <span class='ocrx_word' id='word_1_71' title='bbox 679 1107 804 1167; x_wconf 92' lang='lat' dir='ltr'>heredes</span> <span class='ocrx_word' id='word_1_72' title='bbox 827 1106 1017 1166; x_wconf 90' lang='lat' dir='ltr'>instituantur</span> <span class='ocrx_word' id='word_1_73' title='bbox 1039 1106 1099 1167; x_wconf 86' lang='lat' dir='ltr'>sive</span> <span class='ocrx_word' id='word_1_74' title='bbox 1121 1106 1153 1166; x_wconf 91' lang='lat' dir='ltr'>hi</span> <span class='ocrx_word' id='word_1_75' title='bbox 1168 1106 1219 1184; x_wconf 93' lang='lat' dir='ltr'>qui</span> <span class='ocrx_word' id='word_1_76' title='bbox 1234 1106 1264 1166; x_wconf 91' lang='lat' dir='ltr'>in</span> <span class='ocrx_word' id='word_1_77' title='bbox 1280 1113 1377 1184; x_wconf 89' lang='lat' dir='ltr'>potes·</span> 
     </span>
     <span class='ocr_line' id='line_1_9' title="bbox 286 1191 1376 1271; baseline -0.002 -17"><span class='ocrx_word' id='word_1_78' title='bbox 286 1201 346 1254; x_wconf 89' lang='lat' dir='ltr'>tate</span> <span class='ocrx_word' id='word_1_79' title='bbox 367 1212 471 1255; x_wconf 88' lang='lat' dir='ltr'>eorum</span> <span class='ocrx_word' id='word_1_80' title='bbox 493 1200 571 1253; x_wconf 90' lang='lat' dir='ltr'>sunt.</span> <span class='ocrx_word' id='word_1_81' title='bbox 604 1200 633 1254; x_wconf 86' lang='lat' dir='ltr'>et</span> <span class='ocrx_word' id='word_1_82' title='bbox 646 1193 676 1252; x_wconf 95' lang='lat' dir='ltr'>id</span> <span class='ocrx_word' id='word_1_83' title='bbox 691 1194 806 1253; x_wconf 90' lang='lat' dir='ltr'>duobus</span> <span class='ocrx_word' id='word_1_84' title='bbox 824 1192 1005 1269; x_wconf 86' lang='lat' dir='ltr'>temporibus</span> <span class='ocrx_word' id='word_1_85' title='bbox 1021 1191 1182 1271; x_wconf 77' lang='lat' dir='ltr'><strong>inspicitur,</strong></span> <span class='ocrx_word' id='word_1_86' title='bbox 1206 1192 1376 1253; x_wconf 88' lang='lat' dir='ltr'>testamenti</span> 
     </span>
     <span class='ocr_line' id='line_1_10' title="bbox 288 1278 1377 1357; baseline -0.002 -17"><span class='ocrx_word' id='word_1_87' title='bbox 288 1279 407 1356; x_wconf 91' lang='lat' dir='ltr'>quidem</span> <span class='ocrx_word' id='word_1_88' title='bbox 429 1278 506 1354; x_wconf 85' lang='lat' dir='ltr'>facti,</span> <span class='ocrx_word' id='word_1_89' title='bbox 529 1285 563 1340; x_wconf 90' lang='lat' dir='ltr'>ut</span> <span class='ocrx_word' id='word_1_90' title='bbox 587 1279 749 1340; x_wconf 88' lang='lat' dir='ltr'>constiterit</span> <span class='ocrx_word' id='word_1_91' title='bbox 770 1279 924 1352; x_wconf 90' lang='lat' dir='ltr'>institutio,</span> <span class='ocrx_word' id='word_1_92' title='bbox 949 1278 1053 1340; x_wconf 90' lang='lat' dir='ltr'>mortis</span> <span class='ocrx_word' id='word_1_93' title='bbox 1077 1297 1145 1339; x_wconf 84' lang='lat' dir='ltr'>vero</span> <span class='ocrx_word' id='word_1_94' title='bbox 1164 1278 1320 1357; x_wconf 85' lang='lat' dir='ltr'>testatoris,</span> <span class='ocrx_word' id='word_1_95' title='bbox 1343 1285 1377 1338; x_wconf 90' lang='lat' dir='ltr'>ut</span> 
     </span>
     <span class='ocr_line' id='line_1_11' title="bbox 287 1364 1376 1443; baseline -0.002 -17"><span class='ocrx_word' id='word_1_96' title='bbox 287 1366 422 1426; x_wconf 76' lang='lat' dir='ltr'>effectum</span> <span class='ocrx_word' id='word_1_97' title='bbox 444 1365 561 1427; x_wconf 86' lang='lat' dir='ltr'>habeat.</span> <span class='ocrx_word' id='word_1_98' title='bbox 599 1366 656 1427; x_wconf 92' lang='lat' dir='ltr'>hoc</span> <span class='ocrx_word' id='word_1_99' title='bbox 678 1365 805 1443; x_wconf 90' lang='lat' dir='ltr'>amplius</span> <span class='ocrx_word' id='word_1_100' title='bbox 836 1373 866 1425; x_wconf 89' lang='lat' dir='ltr'>et</span> <span class='ocrx_word' id='word_1_101' title='bbox 891 1384 959 1425; x_wconf 90' lang='lat' dir='ltr'>cum</span> <span class='ocrx_word' id='word_1_102' title='bbox 987 1364 1047 1424; x_wconf 89' lang='lat' dir='ltr'>adit</span> <span class='ocrx_word' id='word_1_103' title='bbox 1075 1364 1282 1436; x_wconf 82' lang='lat' dir='ltr'>hereditatem,</span> <span class='ocrx_word' id='word_1_104' title='bbox 1311 1383 1376 1424; x_wconf 89' lang='lat' dir='ltr'>esse</span> 
     </span>
     <span class='ocr_line' id='line_1_12' title="bbox 287 1449 1376 1529; baseline -0.002 -17"><span class='ocrx_word' id='word_1_105' title='bbox 287 1452 373 1512; x_wconf 90' lang='lat' dir='ltr'>debet</span> <span class='ocrx_word' id='word_1_106' title='bbox 396 1471 464 1512; x_wconf 91' lang='lat' dir='ltr'>cum</span> <span class='ocrx_word' id='word_1_107' title='bbox 487 1471 522 1512; x_wconf 89' lang='lat' dir='ltr'>eo</span> <span class='ocrx_word' id='word_1_108' title='bbox 544 1452 713 1512; x_wconf 86' lang='lat' dir='ltr'>testamenti</span> <span class='ocrx_word' id='word_1_109' title='bbox 735 1451 837 1525; x_wconf 87' lang='lat' dir='ltr'>factio,</span> <span class='ocrx_word' id='word_1_110' title='bbox 862 1451 922 1511; x_wconf 87' lang='lat' dir='ltr'>sive</span> <span class='ocrx_word' id='word_1_111' title='bbox 944 1469 1018 1529; x_wconf 87' lang='lat' dir='ltr'>pure</span> <span class='ocrx_word' id='word_1_112' title='bbox 1041 1450 1101 1511; x_wconf 86' lang='lat' dir='ltr'>sive</span> <span class='ocrx_word' id='word_1_113' title='bbox 1125 1451 1181 1510; x_wconf 88' lang='lat' dir='ltr'>sub</span> <span class='ocrx_word' id='word_1_114' title='bbox 1204 1449 1376 1511; x_wconf 89' lang='lat' dir='ltr'>condicione</span> 
     </span>
     <span class='ocr_line' id='line_1_13' title="bbox 287 1536 1376 1613; baseline -0.003 -15"><span class='ocrx_word' id='word_1_115' title='bbox 287 1538 373 1598; x_wconf 90' lang='lat' dir='ltr'>heres</span> <span class='ocrx_word' id='word_1_116' title='bbox 394 1537 545 1599; x_wconf 90' lang='lat' dir='ltr'>institutus</span> <span class='ocrx_word' id='word_1_117' title='bbox 568 1537 620 1599; x_wconf 88' lang='lat' dir='ltr'>sit:</span> <span class='ocrx_word' id='word_1_118' title='bbox 650 1558 721 1598; x_wconf 88' lang='lat' dir='ltr'>nam</span> <span class='ocrx_word' id='word_1_119' title='bbox 744 1537 791 1598; x_wconf 90' lang='lat' dir='ltr'>ius</span> <span class='ocrx_word' id='word_1_120' title='bbox 812 1537 929 1597; x_wconf 92' lang='lat' dir='ltr'>heredis</span> <span class='ocrx_word' id='word_1_121' title='bbox 952 1557 987 1598; x_wconf 90' lang='lat' dir='ltr'>eo</span> <span class='ocrx_word' id='word_1_122' title='bbox 1016 1537 1061 1597; x_wconf 88' lang='lat' dir='ltr'>vel</span> <span class='ocrx_word' id='word_1_123' title='bbox 1087 1536 1218 1597; x_wconf 86' lang='lat' dir='ltr'>maxime</span> <span class='ocrx_word' id='word_1_124' title='bbox 1244 1543 1376 1613; x_wconf 90' lang='lat' dir='ltr'>tempore</span> 
     </span>
     <span class='ocr_line' id='line_1_14' title="bbox 286 1621 1375 1702; baseline -0.002 -18"><span class='ocrx_word' id='word_1_125' title='bbox 286 1623 501 1702; x_wconf 90' lang='lat' dir='ltr'>inspiciendum</span> <span class='ocrx_word' id='word_1_126' title='bbox 530 1631 587 1695; x_wconf 81' lang='lat' dir='ltr'>est,</span> <span class='ocrx_word' id='word_1_127' title='bbox 622 1621 704 1701; x_wconf 79' lang='lat' dir='ltr'>quo²</span> <span class='ocrx_word' id='word_1_128' title='bbox 733 1623 859 1700; x_wconf 86' lang='lat' dir='ltr'>adquirit</span> <span class='ocrx_word' id='word_1_129' title='bbox 892 1623 1093 1684; x_wconf 78' lang='lat' dir='ltr'>hereditatem.</span> <span class='ocrx_word' id='word_1_130' title='bbox 1147 1621 1244 1683; x_wconf 90' lang='lat' dir='ltr'>medio</span> <span class='ocrx_word' id='word_1_131' title='bbox 1276 1629 1375 1682; x_wconf 88' lang='lat' dir='ltr'>autem</span> 
     </span>
     <span class='ocr_line' id='line_1_15' title="bbox 285 1707 1374 1787; baseline -0.003 -17"><span class='ocrx_word' id='word_1_132' title='bbox 285 1717 418 1787; x_wconf 90' lang='lat' dir='ltr'>tempore</span> <span class='ocrx_word' id='word_1_133' title='bbox 450 1710 527 1770; x_wconf 85' lang='lat' dir='ltr'>inter</span> <span class='ocrx_word' id='word_1_134' title='bbox 557 1709 667 1771; x_wconf 85' lang='lat' dir='ltr'>iactum</span> <span class='ocrx_word' id='word_1_135' title='bbox 698 1716 909 1770; x_wconf 88' lang='lat' dir='ltr'>testamentum</span> <span class='ocrx_word' id='word_1_136' title='bbox 940 1717 968 1770; x_wconf 94' lang='lat' dir='ltr'>et</span> <span class='ocrx_word' id='word_1_137' title='bbox 996 1714 1123 1770; x_wconf 88' lang='lat' dir='ltr'>mortem</span> <span class='ocrx_word' id='word_1_138' title='bbox 1152 1707 1299 1769; x_wconf 87' lang='lat' dir='ltr'>testatoris</span> <span class='ocrx_word' id='word_1_139' title='bbox 1329 1708 1374 1768; x_wconf 88' lang='lat' dir='ltr'>vel</span> 
     </span>
     <span class='ocr_line' id='line_1_16' title="bbox 287 1794 1373 1857; baseline -0.003 -1"><span class='ocrx_word' id='word_1_140' title='bbox 287 1796 488 1856; x_wconf 89' lang='lat' dir='ltr'>condicionem</span> <span class='ocrx_word' id='word_1_141' title='bbox 521 1795 711 1857; x_wconf 89' lang='lat' dir='ltr'>institutionis</span> <span class='ocrx_word' id='word_1_142' title='bbox 741 1796 916 1856; x_wconf 88' lang='lat' dir='ltr'>existentem</span> <span class='ocrx_word' id='word_1_143' title='bbox 943 1794 1066 1855; x_wconf 86' lang='lat' dir='ltr'>mutatio</span> <span class='ocrx_word' id='word_1_144' title='bbox 1092 1796 1163 1855; x_wconf 87' lang='lat' dir='ltr'>iuris</span> <span class='ocrx_word' id='word_1_145' title='bbox 1190 1795 1289 1855; x_wconf 90' lang='lat' dir='ltr'>heredi</span> <span class='ocrx_word' id='word_1_146' title='bbox 1312 1813 1373 1855; x_wconf 92' lang='lat' dir='ltr'>non</span> 
     </span>
     <span class='ocr_line' id='line_1_17' title="bbox 287 1879 1373 1958; baseline -0.001 -17"><span class='ocrx_word' id='word_1_147' title='bbox 287 1888 383 1956; x_wconf 85' lang='lat' dir='ltr'>nocet,</span> <span class='ocrx_word' id='word_1_148' title='bbox 408 1881 477 1958; x_wconf 90' lang='lat' dir='ltr'>quia</span> <span class='ocrx_word' id='word_1_149' title='bbox 499 1889 531 1942; x_wconf 91' lang='lat' dir='ltr'>ut</span> <span class='ocrx_word' id='word_1_150' title='bbox 553 1881 681 1942; x_wconf 88' lang='lat' dir='ltr'>diximus</span> <span class='ocrx_word' id='word_1_151' title='bbox 699 1881 755 1941; x_wconf 84' lang='lat' dir='ltr'>tria</span> <span class='ocrx_word' id='word_1_152' title='bbox 775 1889 909 1958; x_wconf 89' lang='lat' dir='ltr'>tempora</span> <span class='ocrx_word' id='word_1_153' title='bbox 924 1881 1027 1958; x_wconf 87' lang='lat' dir='ltr'>inspici</span> <span class='ocrx_word' id='word_1_154' title='bbox 1042 1881 1151 1941; x_wconf 90' lang='lat' dir='ltr'>debent</span> <span class='ocrx_word' id='word_1_155' title='bbox 1159 1879 1181 1944; x_wconf 81' lang='lat'>³.</span> <span class='ocrx_word' id='word_1_156' title='bbox 1205 1881 1373 1941; x_wconf 87' lang='lat' dir='ltr'>testamenti</span> 
     </span>
     <span class='ocr_line' id='line_1_18' title="bbox 286 1965 1373 2044; baseline -0.001 -17"><span class='ocrx_word' id='word_1_157' title='bbox 286 1973 386 2027; x_wconf 89' lang='lat' dir='ltr'>autem</span> <span class='ocrx_word' id='word_1_158' title='bbox 409 1966 567 2028; x_wconf 83' lang='lat' dir='ltr'>factionem</span> <span class='ocrx_word' id='word_1_159' title='bbox 589 1986 650 2028; x_wconf 90' lang='lat' dir='ltr'>non</span> <span class='ocrx_word' id='word_1_160' title='bbox 674 1967 770 2027; x_wconf 92' lang='lat' dir='ltr'>solum</span> <span class='ocrx_word' id='word_1_161' title='bbox 785 1966 811 2026; x_wconf 91' lang='lat' dir='ltr'>is</span> <span class='ocrx_word' id='word_1_162' title='bbox 825 1967 936 2027; x_wconf 89' lang='lat' dir='ltr'>habere</span> <span class='ocrx_word' id='word_1_163' title='bbox 951 1967 1071 2039; x_wconf 86' lang='lat' dir='ltr'>videtur,</span> <span class='ocrx_word' id='word_1_164' title='bbox 1096 1965 1146 2044; x_wconf 90' lang='lat' dir='ltr'>qui</span> <span class='ocrx_word' id='word_1_165' title='bbox 1161 1973 1373 2027; x_wconf 85' lang='lat' dir='ltr'>testamentum</span> 
     </span>
     <span class='ocr_line' id='line_1_19' title="bbox 288 2052 1372 2130; baseline 0 -18"><span class='ocrx_word' id='word_1_166' title='bbox 288 2053 383 2114; x_wconf 85' lang='lat' dir='ltr'>facere</span> <span class='ocrx_word' id='word_1_167' title='bbox 412 2059 521 2130; x_wconf 89' lang='lat' dir='ltr'>potest,</span> <span class='ocrx_word' id='word_1_168' title='bbox 555 2053 607 2114; x_wconf 91' lang='lat' dir='ltr'>sed</span> <span class='ocrx_word' id='word_1_169' title='bbox 636 2052 724 2114; x_wconf 86' lang='lat' dir='ltr'>etiam</span> <span class='ocrx_word' id='word_1_170' title='bbox 753 2052 804 2130; x_wconf 91' lang='lat' dir='ltr'>qui</span> <span class='ocrx_word' id='word_1_171' title='bbox 832 2072 867 2113; x_wconf 87' lang='lat' dir='ltr'>ex</span> <span class='ocrx_word' id='word_1_172' title='bbox 897 2052 1008 2113; x_wconf 80' lang='lat' dir='ltr'>alieno=</span> <span class='ocrx_word' id='word_1_173' title='bbox 1024 2059 1200 2113; x_wconf 89' lang='lat' dir='ltr'>testamento</span> <span class='ocrx_word' id='word_1_174' title='bbox 1229 2053 1274 2112; x_wconf 89' lang='lat' dir='ltr'>vel</span> <span class='ocrx_word' id='word_1_175' title='bbox 1308 2052 1372 2129; x_wconf 91' lang='lat' dir='ltr'>ipse</span> 
     </span>
     <span class='ocr_line' id='line_1_20' title="bbox 284 2138 1371 2217; baseline -0.002 -17"><span class='ocrx_word' id='word_1_176' title='bbox 284 2158 389 2217; x_wconf 88' lang='lat' dir='ltr'>capere</span> <span class='ocrx_word' id='word_1_177' title='bbox 411 2146 507 2217; x_wconf 91' lang='lat' dir='ltr'>potest</span> <span class='ocrx_word' id='word_1_178' title='bbox 529 2141 574 2200; x_wconf 87' lang='lat' dir='ltr'>vel</span> <span class='ocrx_word' id='word_1_179' title='bbox 596 2139 645 2199; x_wconf 90' lang='lat' dir='ltr'>alii</span> <span class='ocrx_word' id='word_1_180' title='bbox 667 2138 834 2216; x_wconf 88' lang='lat' dir='ltr'>adquirere,</span> <span class='ocrx_word' id='word_1_181' title='bbox 863 2138 930 2199; x_wconf 90' lang='lat' dir='ltr'>licet</span> <span class='ocrx_word' id='word_1_182' title='bbox 957 2158 1018 2199; x_wconf 90' lang='lat' dir='ltr'>non</span> <span class='ocrx_word' id='word_1_183' title='bbox 1044 2145 1140 2216; x_wconf 87' lang='lat' dir='ltr'>potest</span> <span class='ocrx_word' id='word_1_184' title='bbox 1169 2139 1264 2201; x_wconf 87' lang='lat' dir='ltr'>facere</span> <span class='ocrx_word' id='word_1_185' title='bbox 1286 2145 1371 2199; x_wconf 86' lang='lat' dir='ltr'>testa-</span> 
     </span>
     <span class='ocr_line' id='line_1_21' title="bbox 284 2224 1372 2302; baseline -0.002 -16"><span class='ocrx_word' id='word_1_186' title='bbox 284 2232 429 2287; x_wconf 89' lang='lat' dir='ltr'>mentum.</span> <span class='ocrx_word' id='word_1_187' title='bbox 465 2224 513 2286; x_wconf 72' lang='lat' dir='ltr'>‘et</span> <span class='ocrx_word' id='word_1_188' title='bbox 535 2226 600 2287; x_wconf 91' lang='lat' dir='ltr'>ideo</span> <span class='ocrx_word' id='word_1_189' title='bbox 623 2224 671 2286; x_wconf 88' lang='lat' dir='ltr'>et⁵</span> <span class='ocrx_word' id='word_1_190' title='bbox 692 2225 820 2286; x_wconf 88' lang='lat' dir='ltr'>furiosus</span> <span class='ocrx_word' id='word_1_191' title='bbox 844 2233 871 2285; x_wconf 88' lang='lat' dir='ltr'>et</span> <span class='ocrx_word' id='word_1_192' title='bbox 894 2232 994 2285; x_wconf 89' lang='lat' dir='ltr'>mulus</span> <span class='ocrx_word' id='word_1_193' title='bbox 1011 2231 1040 2285; x_wconf 90' lang='lat' dir='ltr'>et</span> <span class='ocrx_word' id='word_1_194' title='bbox 1055 2232 1211 2302; x_wconf 88' lang='lat' dir='ltr'>postumus</span> <span class='ocrx_word' id='word_1_195' title='bbox 1229 2232 1258 2285; x_wconf 88' lang='lat' dir='ltr'>et</span> <span class='ocrx_word' id='word_1_196' title='bbox 1273 2224 1372 2285; x_wconf 85' lang='lat' dir='ltr'>infans</span> 
     </span>
     <span class='ocr_line' id='line_1_22' title="bbox 285 2310 1372 2373; baseline 0 -1"><span class='ocrx_word' id='word_1_197' title='bbox 285 2319 315 2372; x_wconf 88' lang='lat' dir='ltr'>et</span> <span class='ocrx_word' id='word_1_198' title='bbox 337 2312 412 2373; x_wconf 85' lang='lat' dir='ltr'>lilius</span> <span class='ocrx_word' id='word_1_199' title='bbox 435 2312 561 2372; x_wconf 82' lang='lat' dir='ltr'>familias</span> <span class='ocrx_word' id='word_1_200' title='bbox 583 2319 612 2372; x_wconf 91' lang='lat' dir='ltr'>et</span> <span class='ocrx_word' id='word_1_201' title='bbox 634 2330 736 2372; x_wconf 87' lang='lat' dir='ltr'>servus</span> <span class='ocrx_word' id='word_1_202' title='bbox 759 2311 871 2371; x_wconf 89' lang='lat' dir='ltr'>alienus</span> <span class='ocrx_word' id='word_1_203' title='bbox 897 2312 1065 2372; x_wconf 87' lang='lat' dir='ltr'>testamenti</span> <span class='ocrx_word' id='word_1_204' title='bbox 1087 2310 1244 2372; x_wconf 78' lang='lat' dir='ltr'>factIonem</span> <span class='ocrx_word' id='word_1_205' title='bbox 1263 2311 1372 2372; x_wconf 87' lang='lat' dir='ltr'>habere</span> 
     </span>
     <span class='ocr_line' id='line_1_23' title="bbox 286 2393 1372 2475; baseline -0.002 -17"><span class='ocrx_word' id='word_1_206' title='bbox 286 2397 435 2459; x_wconf 88' lang='lat' dir='ltr'>dicuntur:</span> <span class='ocrx_word' id='word_1_207' title='bbox 459 2393 540 2459; x_wconf 83' lang='lat' dir='ltr'>&lt;licet</span> <span class='ocrx_word' id='word_1_208' title='bbox 562 2399 640 2458; x_wconf 91' lang='lat' dir='ltr'>enim</span> <span class='ocrx_word' id='word_1_209' title='bbox 662 2404 873 2458; x_wconf 89' lang='lat' dir='ltr'>testamentum</span> <span class='ocrx_word' id='word_1_210' title='bbox 894 2398 989 2458; x_wconf 86' lang='lat' dir='ltr'>facere</span> <span class='ocrx_word' id='word_1_211' title='bbox 1004 2417 1065 2457; x_wconf 93' lang='lat' dir='ltr'>non</span> <span class='ocrx_word' id='word_1_212' title='bbox 1082 2405 1214 2475; x_wconf 85' lang='lat' dir='ltr'>possunt,</span> <span class='ocrx_word' id='word_1_213' title='bbox 1239 2404 1372 2457; x_wconf 85' lang='lat' dir='ltr'>attamen</span> 
     </span>
     <span class='ocr_line' id='line_1_24' title="bbox 286 2478 1403 2560; baseline -0.003 -15"><span class='ocrx_word' id='word_1_214' title='bbox 286 2503 322 2545; x_wconf 86' lang='lat' dir='ltr'>ex</span> <span class='ocrx_word' id='word_1_215' title='bbox 342 2491 518 2545; x_wconf 88' lang='lat' dir='ltr'>testamento</span> <span class='ocrx_word' id='word_1_216' title='bbox 535 2485 579 2544; x_wconf 88' lang='lat' dir='ltr'>vel</span> <span class='ocrx_word' id='word_1_217' title='bbox 601 2483 656 2544; x_wconf 91' lang='lat' dir='ltr'>sibi</span> <span class='ocrx_word' id='word_1_218' title='bbox 679 2485 724 2543; x_wconf 90' lang='lat' dir='ltr'>vel</span> <span class='ocrx_word' id='word_1_219' title='bbox 745 2484 794 2543; x_wconf 92' lang='lat' dir='ltr'>alii</span> <span class='ocrx_word' id='word_1_220' title='bbox 816 2483 969 2560; x_wconf 86' lang='lat' dir='ltr'>adquirere</span> <span class='ocrx_word' id='word_1_221' title='bbox 992 2478 1142 2560; x_wconf 76' lang='lat' dir='ltr'>possunt&#39;.</span> <span class='ocrx_word' id='word_1_222' title='bbox 1179 2479 1366 2542; x_wconf 55' lang='lat' dir='ltr'>ebErrtraneis</span> <span class='ocrx_word' id='word_1_223' title='bbox 1387 2489 1403 2542; x_wconf 82' lang='lat'>5</span> 
     </span>
     <span class='ocr_line' id='line_1_25' title="bbox 288 2566 1372 2647; baseline -0.001 -17"><span class='ocrx_word' id='word_1_224' title='bbox 288 2566 402 2630; x_wconf 67' lang='lat' dir='ltr'>*autem</span> <span class='ocrx_word' id='word_1_225' title='bbox 425 2570 581 2631; x_wconf 87' lang='lat' dir='ltr'>heredibus</span> <span class='ocrx_word' id='word_1_226' title='bbox 604 2569 784 2630; x_wconf 90' lang='lat' dir='ltr'>deliberandi</span> <span class='ocrx_word' id='word_1_227' title='bbox 807 2575 937 2647; x_wconf 89' lang='lat' dir='ltr'>potestas</span> <span class='ocrx_word' id='word_1_228' title='bbox 953 2577 997 2630; x_wconf 91' lang='lat' dir='ltr'>est</span> <span class='ocrx_word' id='word_1_229' title='bbox 1011 2570 1047 2630; x_wconf 87' lang='lat' dir='ltr'>de</span> <span class='ocrx_word' id='word_1_230' title='bbox 1062 2570 1198 2630; x_wconf 88' lang='lat' dir='ltr'>adeunda</span> <span class='ocrx_word' id='word_1_231' title='bbox 1212 2568 1372 2629; x_wconf 89' lang='lat' dir='ltr'>hereditate</span> 
     </span>
     <span class='ocr_line' id='line_1_26' title="bbox 288 2652 1372 2732; baseline -0.002 -16"><span class='ocrx_word' id='word_1_232' title='bbox 288 2652 348 2717; x_wconf 58' lang='lat' dir='ltr'>*vel</span> <span class='ocrx_word' id='word_1_233' title='bbox 377 2676 438 2730; x_wconf 91' lang='lat' dir='ltr'>non</span> <span class='ocrx_word' id='word_1_234' title='bbox 465 2656 608 2718; x_wconf 87' lang='lat' dir='ltr'>adeunda.</span> <span class='ocrx_word' id='word_1_235' title='bbox 654 2655 706 2716; x_wconf 91' lang='lat' dir='ltr'>sed</span> <span class='ocrx_word' id='word_1_236' title='bbox 733 2656 794 2716; x_wconf 84' lang='lat' dir='ltr'>sire</span> <span class='ocrx_word' id='word_1_237' title='bbox 819 2655 859 2730; x_wconf 91' lang='lat' dir='ltr'>is,</span> <span class='ocrx_word' id='word_1_238' title='bbox 891 2655 938 2715; x_wconf 90' lang='lat' dir='ltr'>cui</span> <span class='ocrx_word' id='word_1_239' title='bbox 966 2655 1131 2715; x_wconf 88' lang='lat' dir='ltr'>abstinendi</span> <span class='ocrx_word' id='word_1_240' title='bbox 1160 2661 1288 2732; x_wconf 89' lang='lat' dir='ltr'>potestas</span> <span class='ocrx_word' id='word_1_241' title='bbox 1317 2661 1372 2728; x_wconf 88' lang='lat' dir='ltr'>est,</span> 
     </span>
     <span class='ocr_line' id='line_1_27' title="bbox 288 2737 1373 2814; baseline -0.001 -13"><span class='ocrx_word' id='word_1_242' title='bbox 288 2738 494 2803; x_wconf 64' lang='lat' dir='ltr'>*immiscuerit</span> <span class='ocrx_word' id='word_1_243' title='bbox 522 2762 554 2802; x_wconf 89' lang='lat' dir='ltr'>se</span> <span class='ocrx_word' id='word_1_244' title='bbox 580 2742 666 2802; x_wconf 90' lang='lat' dir='ltr'>bonis</span> <span class='ocrx_word' id='word_1_245' title='bbox 695 2739 907 2814; x_wconf 78' lang='lat' dir='ltr'>hereditariis⁷‚</span> <span class='ocrx_word' id='word_1_246' title='bbox 940 2741 1000 2801; x_wconf 88' lang='lat' dir='ltr'>sive</span> <span class='ocrx_word' id='word_1_247' title='bbox 1029 2737 1227 2814; x_wconf 81' lang='lat' dir='ltr'>&lt;extraneus&#39;,</span> <span class='ocrx_word' id='word_1_248' title='bbox 1262 2740 1308 2800; x_wconf 90' lang='lat' dir='ltr'>cui</span> <span class='ocrx_word' id='word_1_249' title='bbox 1337 2741 1373 2800; x_wconf 91' lang='lat' dir='ltr'>de</span> 
     </span>
     <span class='ocr_line' id='line_1_28' title="bbox 222 2823 1373 2904; baseline 0 -17"><span class='ocrx_word' id='word_1_250' title='bbox 222 2901 223 2904; x_wconf 8' lang='grc' dir='ltr'><strong>Ἴ</strong></span> <span class='ocrx_word' id='word_1_251' title='bbox 288 2823 439 2888; x_wconf 61' lang='lat' dir='ltr'>*adeunda</span> <span class='ocrx_word' id='word_1_252' title='bbox 460 2827 619 2888; x_wconf 89' lang='lat' dir='ltr'>hereditate</span> <span class='ocrx_word' id='word_1_253' title='bbox 634 2827 796 2888; x_wconf 87' lang='lat' dir='ltr'>deliberare</span> <span class='ocrx_word' id='word_1_254' title='bbox 810 2827 887 2900; x_wconf 90' lang='lat' dir='ltr'>licet,</span> <span class='ocrx_word' id='word_1_255' title='bbox 911 2827 1023 2900; x_wconf 89' lang='lat' dir='ltr'>adierit,</span> <span class='ocrx_word' id='word_1_256' title='bbox 1047 2834 1148 2904; x_wconf 89' lang='lat' dir='ltr'>postea</span> <span class='ocrx_word' id='word_1_257' title='bbox 1164 2825 1373 2903; x_wconf 84' lang='lat' dir='ltr'>relinquendae</span> 
     </span>
     <span class='ocr_line' id='line_1_29' title="bbox 289 2908 1373 2988; baseline -0.002 -16"><span class='ocrx_word' id='word_1_258' title='bbox 289 2908 471 2973; x_wconf 63' lang='lat' dir='ltr'>*hereditatis</span> <span class='ocrx_word' id='word_1_259' title='bbox 493 2912 662 2975; x_wconf 86' lang='lat' dir='ltr'>facultatem</span> <span class='ocrx_word' id='word_1_260' title='bbox 685 2931 747 2972; x_wconf 92' lang='lat' dir='ltr'>non</span> <span class='ocrx_word' id='word_1_261' title='bbox 770 2913 873 2986; x_wconf 89' lang='lat' dir='ltr'>habet,</span> <span class='ocrx_word' id='word_1_262' title='bbox 904 2912 960 2972; x_wconf 88' lang='lat' dir='ltr'>nisi</span> <span class='ocrx_word' id='word_1_263' title='bbox 981 2913 1079 2973; x_wconf 87' lang='lat' dir='ltr'>minor</span> <span class='ocrx_word' id='word_1_264' title='bbox 1101 2913 1138 2972; x_wconf 90' lang='lat' dir='ltr'>sit</span> <span class='ocrx_word' id='word_1_265' title='bbox 1160 2913 1246 2972; x_wconf 86' lang='lat' dir='ltr'>annis</span> <span class='ocrx_word' id='word_1_266' title='bbox 1271 2911 1373 2988; x_wconf 86' lang='lat' dir='ltr'>viginti</span> 
     </span>
     <span class='ocr_line' id='line_1_30' title="bbox 289 2996 1375 3075; baseline -0.001 -17"><span class='ocrx_word' id='word_1_267' title='bbox 289 2996 447 3075; x_wconf 65' lang='lat' dir='ltr'>*quinque2</span> <span class='ocrx_word' id='word_1_268' title='bbox 473 3018 545 3058; x_wconf 89' lang='lat' dir='ltr'>nam</span> <span class='ocrx_word' id='word_1_269' title='bbox 566 2999 655 3059; x_wconf 89' lang='lat' dir='ltr'>huius</span> <span class='ocrx_word' id='word_1_270' title='bbox 678 2999 782 3059; x_wconf 90' lang='lat' dir='ltr'>aetatis</span> <span class='ocrx_word' id='word_1_271' title='bbox 804 2998 975 3059; x_wconf 92' lang='lat' dir='ltr'>hominibus</span> <span class='ocrx_word' id='word_1_272' title='bbox 998 2998 1072 3058; x_wconf 89' lang='lat' dir='ltr'>sicut</span> <span class='ocrx_word' id='word_1_273' title='bbox 1094 2998 1125 3057; x_wconf 92' lang='lat' dir='ltr'>in</span> <span class='ocrx_word' id='word_1_274' title='bbox 1148 2996 1251 3059; x_wconf 90' lang='lat' dir='ltr'>ceteris</span> <span class='ocrx_word' id='word_1_275' title='bbox 1281 2997 1375 3058; x_wconf 90' lang='lat' dir='ltr'>omni·</span> 
     </span>
     <span class='ocr_line' id='line_1_31' title="bbox 289 3081 1374 3162; baseline 0 -18"><span class='ocrx_word' id='word_1_276' title='bbox 289 3081 360 3144; x_wconf 63' lang='lat' dir='ltr'>*bus</span> <span class='ocrx_word' id='word_1_277' title='bbox 382 3086 478 3144; x_wconf 90' lang='lat' dir='ltr'>causis</span> <span class='ocrx_word' id='word_1_278' title='bbox 501 3084 641 3162; x_wconf 84' lang='lat' dir='ltr'>deceptis,</span> <span class='ocrx_word' id='word_1_279' title='bbox 673 3085 713 3145; x_wconf 90' lang='lat' dir='ltr'>ita</span> <span class='ocrx_word' id='word_1_280' title='bbox 736 3092 764 3145; x_wconf 87' lang='lat' dir='ltr'>et</span> <span class='ocrx_word' id='word_1_281' title='bbox 787 3085 812 3144; x_wconf 92' lang='lat' dir='ltr'>si</span> <span class='ocrx_word' id='word_1_282' title='bbox 838 3091 949 3145; x_wconf 90' lang='lat' dir='ltr'>temere</span> <span class='ocrx_word' id='word_1_283' title='bbox 977 3084 1153 3145; x_wconf 86' lang='lat' dir='ltr'>damnosam</span> <span class='ocrx_word' id='word_1_284' title='bbox 1183 3084 1374 3145; x_wconf 79' lang='lat' dir='ltr'>hereditatem</span> 
     </span>
     <span class='ocr_line' id='line_1_32' title="bbox 289 3167 1409 3249; baseline 0.001 -19"><span class='ocrx_word' id='word_1_285' title='bbox 289 3167 499 3247; x_wconf 51' lang='lat' dir='ltr'>susceperint,</span> <span class='ocrx_word' id='word_1_286' title='bbox 529 3178 646 3249; x_wconf 89' lang='lat' dir='ltr'>praetor</span> <span class='ocrx_word' id='word_1_287' title='bbox 676 3171 829 3232; x_wconf 88' lang='lat' dir='ltr'>succurrit.</span> <span class='ocrx_word' id='word_1_288' title='bbox 880 3170 1038 3231; x_wconf 91' lang='lat' dir='ltr'>Sciendum</span> <span class='ocrx_word' id='word_1_289' title='bbox 1068 3178 1166 3232; x_wconf 68' lang='lat' dir='ltr'>nmen</span> <span class='ocrx_word' id='word_1_290' title='bbox 1202 3178 1246 3231; x_wconf 91' lang='lat' dir='ltr'>est</span> <span class='ocrx_word' id='word_1_291' title='bbox 1275 3169 1409 3236; x_wconf 87' lang='lat' dir='ltr'>divum6</span> 
     </span>
     <span class='ocr_line' id='line_1_33' title="bbox 289 3253 1371 3335; baseline 0.001 -19"><span class='ocrx_word' id='word_1_292' title='bbox 289 3253 488 3317; x_wconf 63' lang='lat' dir='ltr'>*Hadrianum</span> <span class='ocrx_word' id='word_1_293' title='bbox 511 3257 599 3317; x_wconf 90' lang='lat' dir='ltr'>etiam</span> <span class='ocrx_word' id='word_1_294' title='bbox 620 3257 728 3317; x_wconf 90' lang='lat' dir='ltr'>maiori</span> <span class='ocrx_word' id='word_1_295' title='bbox 750 3256 854 3335; x_wconf 84' lang='lat' dir='ltr'>viginti</span> <span class='ocrx_word' id='word_1_296' title='bbox 870 3256 1000 3334; x_wconf 90' lang='lat' dir='ltr'>quinque</span> <span class='ocrx_word' id='word_1_297' title='bbox 1015 3257 1101 3317; x_wconf 88' lang='lat' dir='ltr'>annis</span> <span class='ocrx_word' id='word_1_298' title='bbox 1118 3256 1233 3318; x_wconf 86' lang='lat' dir='ltr'>veniam</span> <span class='ocrx_word' id='word_1_299' title='bbox 1248 3256 1371 3330; x_wconf 89' lang='lat' dir='ltr'>dedisse,</span> 
     </span>
     <span class='ocr_line' id='line_1_34' title="bbox 287 3338 1374 3421; baseline -0.001 -17"><span class='ocrx_word' id='word_1_300' title='bbox 287 3338 369 3404; x_wconf 63' lang='lat' dir='ltr'>*cum</span> <span class='ocrx_word' id='word_1_301' title='bbox 392 3350 460 3421; x_wconf 89' lang='lat' dir='ltr'>post</span> <span class='ocrx_word' id='word_1_302' title='bbox 481 3343 591 3404; x_wconf 90' lang='lat' dir='ltr'>aditam</span> <span class='ocrx_word' id='word_1_303' title='bbox 612 3343 808 3404; x_wconf 88' lang='lat' dir='ltr'>hereditatem</span> <span class='ocrx_word' id='word_1_304' title='bbox 823 3343 937 3420; x_wconf 88' lang='lat' dir='ltr'>grande</span> <span class='ocrx_word' id='word_1_305' title='bbox 957 3362 1006 3403; x_wconf 90' lang='lat' dir='ltr'>aes</span> <span class='ocrx_word' id='word_1_306' title='bbox 1022 3343 1160 3416; x_wconf 91' lang='lat' dir='ltr'>alienum,</span> <span class='ocrx_word' id='word_1_307' title='bbox 1185 3344 1263 3420; x_wconf 90' lang='lat' dir='ltr'>quod</span> <span class='ocrx_word' id='word_1_308' title='bbox 1279 3341 1374 3403; x_wconf 88' lang='lat' dir='ltr'>aditae</span> 
     </span>
     <span class='ocr_line' id='line_1_35' title="bbox 287 3424 1374 3507; baseline -0.001 -16"><span class='ocrx_word' id='word_1_309' title='bbox 287 3425 468 3491; x_wconf 65' lang='lat' dir='ltr'>&#39;hereditatis</span> <span class='ocrx_word' id='word_1_310' title='bbox 483 3437 615 3507; x_wconf 89' lang='lat' dir='ltr'>tempore</span> <span class='ocrx_word' id='word_1_311' title='bbox 629 3425 768 3502; x_wconf 68' lang='lat' dir='ltr'>latebat⁴‚</span> <span class='ocrx_word' id='word_1_312' title='bbox 793 3429 968 3492; x_wconf 89' lang='lat' dir='ltr'>emersisset.</span> <span class='ocrx_word' id='word_1_313' title='bbox 1001 3424 1068 3489; x_wconf 88' lang='lat' dir='ltr'>&lt;sed</span> <span class='ocrx_word' id='word_1_314' title='bbox 1083 3429 1141 3489; x_wconf 92' lang='lat' dir='ltr'>hoc</span> <span class='ocrx_word' id='word_1_315' title='bbox 1155 3429 1239 3490; x_wconf 88' lang='lat' dir='ltr'>divus</span> <span class='ocrx_word' id='word_1_316' title='bbox 1255 3428 1374 3506; x_wconf 91' lang='lat' dir='ltr'>quidem</span> 
     </span>
     <span class='ocr_line' id='line_1_36' title="bbox 286 3510 1372 3594; baseline -0.002 -18"><span class='ocrx_word' id='word_1_317' title='bbox 286 3510 469 3579; x_wconf 83' lang='lat' dir='ltr'>‘Hadrianus</span> <span class='ocrx_word' id='word_1_318' title='bbox 498 3516 616 3594; x_wconf 87' lang='lat' dir='ltr'>speciali</span> <span class='ocrx_word' id='word_1_319' title='bbox 647 3516 793 3576; x_wconf 87' lang='lat' dir='ltr'>beneficio</span> <span class='ocrx_word' id='word_1_320' title='bbox 825 3515 940 3576; x_wconf 90' lang='lat' dir='ltr'>cuidam</span> <span class='ocrx_word' id='word_1_321' title='bbox 970 3515 1125 3593; x_wconf 86' lang='lat' dir='ltr'>praestitit:</span> <span class='ocrx_word' id='word_1_322' title='bbox 1159 3515 1243 3576; x_wconf 80' lang='lat' dir='ltr'>divus</span> <span class='ocrx_word' id='word_1_323' title='bbox 1274 3521 1372 3576; x_wconf 86' lang='lat' dir='ltr'>autem</span> 
     </span>
     <span class='ocr_line' id='line_1_37' title="bbox 285 3597 1416 3680; baseline 0.004 -19"><span class='ocrx_word' id='word_1_324' title='bbox 285 3597 466 3662; x_wconf 76' lang='lat' dir='ltr'>‘Gordianus</span> <span class='ocrx_word' id='word_1_325' title='bbox 488 3609 590 3680; x_wconf 86' lang='lat' dir='ltr'>postea</span> <span class='ocrx_word' id='word_1_326' title='bbox 611 3601 643 3661; x_wconf 91' lang='lat' dir='ltr'>in</span> <span class='ocrx_word' id='word_1_327' title='bbox 667 3602 810 3662; x_wconf 86' lang='lat' dir='ltr'>militibus</span> <span class='ocrx_word' id='word_1_328' title='bbox 833 3603 1039 3662; x_wconf 90' lang='lat' dir='ltr'>tantummodo</span> <span class='ocrx_word' id='word_1_329' title='bbox 1061 3601 1118 3662; x_wconf 89' lang='lat' dir='ltr'>hoc</span> <span class='ocrx_word' id='word_1_330' title='bbox 1145 3601 1287 3664; x_wconf 81' lang='lat' dir='ltr'>extendit:</span> <span class='ocrx_word' id='word_1_331' title='bbox 1316 3601 1367 3662; x_wconf 92' lang='lat' dir='ltr'>sed</span> <span class='ocrx_word' id='word_1_332' title='bbox 1377 3611 1416 3680; x_wconf 88' lang='lat'>(6)</span> 
     </span>
     <span class='ocr_line' id='line_1_38' title="bbox 285 3683 1374 3765; baseline -0.001 -17"><span class='ocrx_word' id='word_1_333' title='bbox 285 3683 402 3748; x_wconf 84' lang='lat' dir='ltr'>&lt;nostra</span> <span class='ocrx_word' id='word_1_334' title='bbox 424 3687 629 3749; x_wconf 88' lang='lat' dir='ltr'>benevolentia</span> <span class='ocrx_word' id='word_1_335' title='bbox 645 3707 809 3749; x_wconf 91' lang='lat' dir='ltr'>commune</span> <span class='ocrx_word' id='word_1_336' title='bbox 825 3688 964 3749; x_wconf 91' lang='lat' dir='ltr'>omnibus</span> <span class='ocrx_word' id='word_1_337' title='bbox 980 3688 1116 3749; x_wconf 89' lang='lat' dir='ltr'>subiectis</span> <span class='ocrx_word' id='word_1_338' title='bbox 1132 3687 1255 3765; x_wconf 91' lang='lat' dir='ltr'>imperio</span> <span class='ocrx_word' id='word_1_339' title='bbox 1272 3695 1374 3748; x_wconf 91' lang='lat' dir='ltr'>nostro</span> 
     </span>
     <span class='ocr_line' id='line_1_39' title="bbox 285 3769 1374 3851; baseline -0.003 -16"><span class='ocrx_word' id='word_1_340' title='bbox 285 3769 357 3835; x_wconf 87' lang='lat' dir='ltr'>&lt;hoc</span> <span class='ocrx_word' id='word_1_341' title='bbox 379 3774 536 3851; x_wconf 85' lang='lat' dir='ltr'>praestavit</span> <span class='ocrx_word' id='word_1_342' title='bbox 557 3774 736 3835; x_wconf 89' lang='lat' dir='ltr'>beneficium</span> <span class='ocrx_word' id='word_1_343' title='bbox 759 3781 788 3835; x_wconf 88' lang='lat' dir='ltr'>et</span> <span class='ocrx_word' id='word_1_344' title='bbox 810 3773 1049 3834; x_wconf 88' lang='lat' dir='ltr'>constitutionem</span> <span class='ocrx_word' id='word_1_345' title='bbox 1075 3781 1136 3834; x_wconf 88' lang='lat' dir='ltr'>tam</span> <span class='ocrx_word' id='word_1_346' title='bbox 1164 3774 1374 3851; x_wconf 89' lang='lat' dir='ltr'>aequissimam</span> 
     </span>
    </p>
   </div>
   <div class='ocr_carea' id='block_1_3' title="bbox 287 3924 1376 4200">
    <p class='ocr_par' dir='ltr' id='par_1_3' title="bbox 287 3924 1376 4200">
     <span class='ocr_line' id='line_1_40' title="bbox 358 3924 1376 3995; baseline -0.004 -15"><span class='ocrx_word' id='word_1_347' title='bbox 358 3926 490 3989; x_wconf 52' lang='grc' dir='ltr'>Ἠῶ.</span> <span class='ocrx_word' id='word_1_348' title='bbox 509 3944 541 3979; x_wconf 72' lang='lat' dir='ltr'>etc</span> <span class='ocrx_word' id='word_1_349' title='bbox 562 3927 636 3980; x_wconf 72' lang='lat' dir='ltr'>Flos.</span> <span class='ocrx_word' id='word_1_350' title='bbox 657 3925 1031 3995; x_wconf 23' lang='lat' dir='ltr'>l,102·ac.(1&gt;i9.128‚5,50</span> <span class='ocrx_word' id='word_1_351' title='bbox 1054 3924 1108 3994; x_wconf 71' lang='lat'>51)</span> <span class='ocrx_word' id='word_1_352' title='bbox 1189 3925 1376 3993; x_wconf 65' lang='grc' dir='ltr'>’(ῙυοᾱΒΤ(ι</span> 
     </span>
     <span class='ocr_line' id='line_1_41' title="bbox 287 3993 1375 4064; baseline -0.001 -18"><span class='ocrx_word' id='word_1_353' title='bbox 287 3995 353 4048; x_wconf 82' lang='lat' dir='ltr'>⁸aic</span> <span class='ocrx_word' id='word_1_354' title='bbox 372 3996 404 4060; x_wconf 93' lang='lat' dir='ltr'>B,</span> <span class='ocrx_word' id='word_1_355' title='bbox 422 3997 516 4063; x_wconf 90' lang='lat' dir='ltr'>inspici</span> <span class='ocrx_word' id='word_1_356' title='bbox 534 3997 656 4048; x_wconf 86' lang='lat' dir='ltr'>deberent</span> <span class='ocrx_word' id='word_1_357' title='bbox 679 3996 708 4058; x_wconf 76' lang='lat' dir='ltr'>T,</span> <span class='ocrx_word' id='word_1_358' title='bbox 726 3997 877 4064; x_wconf 88' lang='lat' dir='ltr'>inspicimus</span> <span class='ocrx_word' id='word_1_359' title='bbox 894 3993 994 4062; x_wconf 63' lang='lat' dir='ltr'>Dipo</span> <span class='ocrx_word' id='word_1_360' title='bbox 1059 3996 1071 4027; x_wconf 87' lang='lat'><strong>⁴</strong></span> <span class='ocrx_word' id='word_1_361' title='bbox 1089 3994 1131 4058; x_wconf 73' lang='lat'>§4</span> <span class='ocrx_word' id='word_1_362' title='bbox 1142 3997 1192 4063; x_wconf 83' lang='lat' dir='ltr'>fin.</span> <span class='ocrx_word' id='word_1_363' title='bbox 1205 3996 1295 4046; x_wconf 82' lang='lat' dir='ltr'>similia</span> <span class='ocrx_word' id='word_1_364' title='bbox 1314 3995 1351 4045; x_wconf 82' lang='lat' dir='ltr'>Di</span> <span class='ocrx_word' id='word_1_365' title='bbox 1369 4034 1375 4046; x_wconf 90' lang='lat'>.</span> 
     </span>
     <span class='ocr_line' id='line_1_42' title="bbox 287 4013 1375 4132; baseline 0.001 -18"><span class='ocrx_word' id='word_1_366' title='bbox 287 4061 329 4129; x_wconf 83' lang='lat'>28,</span> <span class='ocrx_word' id='word_1_367' title='bbox 341 4062 364 4127; x_wconf 92' lang='lat' dir='ltr'>l,</span> <span class='ocrx_word' id='word_1_368' title='bbox 376 4063 409 4117; x_wconf 88' lang='grc'>16</span> <span class='ocrx_word' id='word_1_369' title='bbox 425 4083 468 4130; x_wconf 78' lang='lat' dir='ltr'>pr.</span> <span class='ocrx_word' id='word_1_370' title='bbox 482 4061 583 4132; x_wconf 77' lang='lat' dir='ltr'>(Pomp.</span> <span class='ocrx_word' id='word_1_371' title='bbox 594 4066 611 4116; x_wconf 82' lang='lat' dir='ltr'>l.</span> <span class='ocrx_word' id='word_1_372' title='bbox 621 4066 684 4131; x_wconf 74' lang='lat' dir='ltr'>cinq.</span> <span class='ocrx_word' id='word_1_373' title='bbox 694 4064 759 4132; x_wconf 77' lang='lat' dir='ltr'>req.)</span> <span class='ocrx_word' id='word_1_374' title='bbox 822 4068 833 4099; x_wconf 79' lang='lat'><strong>⁶</strong></span> <span class='ocrx_word' id='word_1_375' title='bbox 852 4063 886 4132; x_wconf 86' lang='lat' dir='ltr'>et]</span> <span class='ocrx_word' id='word_1_376' title='bbox 898 4063 958 4130; x_wconf 84' lang='grc' dir='ltr'>ΒΘ,</span> <span class='ocrx_word' id='word_1_377' title='bbox 972 4083 1020 4118; x_wconf 86' lang='lat' dir='ltr'>om.</span> <span class='ocrx_word' id='word_1_378' title='bbox 1037 4065 1062 4115; x_wconf 85' lang='lat' dir='ltr'><em>T</em></span> <span class='ocrx_word' id='word_1_379' title='bbox 1120 4065 1130 4095; x_wconf 81' lang='lat'><strong>⁰</strong></span> <span class='ocrx_word' id='word_1_380' title='bbox 1149 4063 1208 4115; x_wconf 74' lang='lat' dir='ltr'>dat.</span> <span class='ocrx_word' id='word_1_381' title='bbox 1219 4062 1243 4129; x_wconf 83' lang='lat'>2,</span> <span class='ocrx_word' id='word_1_382' title='bbox 1255 4061 1312 4116; x_wconf 85' lang='lat'>162.</span> <span class='ocrx_word' id='word_1_383' title='bbox 1324 4013 1375 4116; x_wconf 69' lang='lat'>16⁹3</span> 
     </span>
     <span class='ocr_line' id='line_1_43' title="bbox 288 4133 688 4200; baseline 0 -16"><span class='ocrx_word' id='word_1_384' title='bbox 288 4133 298 4163; x_wconf 79' lang='lat'>⁷</span> <span class='ocrx_word' id='word_1_385' title='bbox 317 4134 354 4185; x_wconf 81' lang='lat' dir='ltr'>cic</span> <span class='ocrx_word' id='word_1_386' title='bbox 374 4134 443 4200; x_wconf 72' lang='lat' dir='ltr'>dat,</span> <span class='ocrx_word' id='word_1_387' title='bbox 462 4135 610 4186; x_wconf 86' lang='lat' dir='ltr'>hereditatis</span> <span class='ocrx_word' id='word_1_388' title='bbox 628 4135 688 4185; x_wconf 76' lang='lat' dir='ltr'>libri</span> 
     </span>
    </p>
   </div>
   <div class='ocr_carea' id='block_1_4' title="bbox 0 0 1660 4917">
    <p class='ocr_par' dir='ltr' id='par_1_4' title="bbox 0 0 1660 4917">
     <span class='ocr_line' id='line_1_44' title="bbox 0 0 1660 4917; baseline 0 0"><span class='ocrx_word' id='word_1_389' title='bbox 0 0 1660 4917; x_wconf 95' lang='lat' dir='ltr'> </span> 
     </span>
    </p>
   </div>
  </div>
 </body>
</html>
