3309 4917
207 439 210 444 ’
281 466 368 513 noers
383 466 571 522 anoumrrun
723 448 931 542 L
1308 443 1373 508 11‚9

285 619 371 682 *istas
394 641 498 682 causas
522 620 692 697 adquiritur,
716 620 744 680 id
767 622 814 681 vel
836 621 873 680 ad
895 620 992 697 ipsum
1017 618 1150 695 pertinet,
1174 617 1199 678 si
1220 616 1294 678 liber
1316 625 1370 692 est,

285 705 346 768 *vel
367 708 405 768 ad
427 706 591 780 dominum,
615 706 640 766 si
662 725 764 766 servus
787 714 840 769 est.
875 707 925 766 sed
942 705 1038 765 bonae
1053 704 1118 766 fidei
1135 724 1287 783 possessor
1303 723 1371 764 cum

285 790 466 872 *usuceperit
493 812 625 865 serrum,
655 792 725 869 quia
751 810 786 853 eo
813 792 902 853 modo
931 791 1069 852 dominus
1091 791 1136 864 fit,
1166 810 1201 851 ex
1231 790 1371 851 omuibus

284 877 395 940 *causis
421 899 473 958 per
502 899 571 940 eum
601 878 657 938 sibi
679 878 833 956 adquirere
859 884 968 956 potest:
999 877 1175 938 fructuarius
1205 896 1274 938 vero
1302 895 1370 937 usu-

283 962 403 1045 *oapere
425 984 486 1025 non
508 971 616 1043 potest,
641 965 770 1042 primum
793 964 946 1041 quianon
969 963 1110 1041 possidet,
1139 963 1190 1024 sed
1213 963 1304 1023 habet
1325 962 1371 1022 ius

285 1048 400 1113 *utendi
422 1051 551 1124 fruendi,
580 1050 685 1112 deinde
707 1051 776 1128 quia
793 1046 853 1111 ⁴scit
875 1069 993 1111 serrum
1016 1049 1144 1110 alienum
1168 1046 1258 1110 essa*
1292 1043 1370 1109 <nou

283 1133 398 1199 ‘solum
419 1145 519 1199 autem
543 1136 704 1215 proprietas
727 1157 778 1215 per
800 1155 852 1197 eos
874 1155 984 1209 servos,
1008 1135 1038 1195 in
1061 1136 1168 1212 quibus
1191 1154 1280 1195 usum
1295 1134 1371 1194 fruc·

280 1219 360 1285 ‘tum
387 1224 503 1284 habetis
530 1225 575 1284 vel
602 1243 676 1300 quos
704 1225 784 1284 bona
814 1222 871 1283 lide
899 1221 1067 1300 possidetis,
1097 1222 1142 1282 vel
1170 1242 1221 1300 per
1247 1221 1370 1281 liberam

283 1304 467 1388 ‘personam,
492 1329 568 1387 quae
590 1311 670 1370 bona
692 1309 748 1370 fide
771 1309 853 1370 vobis
875 1308 971 1382 servit,
996 1307 1159 1385 adquiritur
1180 1305 1295 1380 vobis1,
1319 1307 1371 1368 sed

281 1391 385 1457 ‘etiam
400 1391 575 1475 possessio':
600 1391 785 1473 ²*10quimur
799 1403 899 1456 autem
915 1394 945 1454 in
961 1394 1112 1471 utriusque
1127 1411 1254 1471 persona
1269 1411 1371 1453 secun·

285 1478 371 1544 *dum
387 1482 597 1555 definitionem,
620 1501 711 1559 quam
727 1481 860 1560 proxime
874 1480 1075 1558 exposuimus
1099 1479 1129 1539 id
1151 1487 1195 1540 est
1218 1479 1243 1539 si
1264 1474 1370 1556 ‘quam

283 1563 533 1647 *possessionem'
555 1587 591 1629 ex
606 1587 638 1629 re
653 1575 749 1629 vestra
763 1569 809 1629 vel
826 1587 863 1629 ex
878 1566 1015 1644 operibus
1031 1566 1091 1626 suis
1111 1560 1223 1643 ‘adepti
1237 1559 1369 1626 luerint'.

284 1651 363 1715 *lEx
384 1655 431 1716 his
453 1655 552 1732 itaque
574 1663 695 1732 apparet
716 1674 769 1733 per
791 1655 898 1714 liberos
921 1653 1070 1726 homines,
1100 1671 1175 1729 quos
1198 1670 1294 1728 neque
1316 1649 1371 1711 iuri
1389 1653 1406 1708 5

284 1737 394 1802 *restro
418 1740 564 1801 subiectos
590 1740 704 1801 habetis
728 1760 824 1818 neque
847 1741 925 1800 bona
947 1740 1003 1800 fide
1025 1737 1195 1816 possidetis,
1226 1737 1296 1798 item
1319 1755 1372 1815 per

284 1823 410 1888 *alienos
433 1846 547 1899 servos,
577 1827 608 1886 in
630 1826 737 1902 quibus
758 1846 855 1903 neque
878 1844 965 1886 usum
987 1826 1115 1885 fructum
1138 1823 1251 1884 habetis
1275 1843 1371 1900 neque

284 1911 408 1974 'iustam
431 1913 665 1991 possessionem,
696 1913 777 1972 nulla
799 1931 836 1972 ex
859 1931 948 1972 causa
970 1911 1052 1971 vobis
1076 1909 1189 1986 adquiri
1212 1928 1307 1987 posse.
1343 1916 1372 1969 et

285 1995 357 2059 *hoc
379 2006 437 2072 est,
468 1998 547 2075 quod
576 1997 681 2058 dicitur
707 2017 759 2076 per
786 2004 957 2058 extraneam
980 2015 1139 2075 personam
1162 1995 1235 2055 nihil
1258 1993 1371 2071 adquiri

285 2081 417 2163 *posseb
447 2091 568 2162 excepto
597 2103 646 2159 eo,
674 2084 754 2160 quod
781 2104 833 2161 per
860 2082 985 2144 liberam
1014 2099 1173 2160 personam
1202 2079 1290 2141 veluti
1318 2099 1371 2159 per

282 2177 502 2250 procuratorem
525 2171 619 2247 placet
645 2189 708 2230 non
730 2171 827 2231 solum
850 2169 1023 2243 scientibus,
1052 2167 1212 2229 sedetiam
1233 2167 1372 2244 ignoran-

282 2257 361 2318 tibus
391 2257 474 2318 vobis
501 2256 615 2334 adquiri
642 2255 860 2334 possessionem
892 2255 1055 2316 secundum
1087 2253 1144 2314 divi
1174 2252 1274 2314 Severi
1303 2271 1371 2313 con·

283 2341 486 2404 stitutionem⁸
517 2350 545 2403 et
578 2361 630 2420 per
659 2343 737 2403 hanc
768 2342 986 2420 possessionem
1019 2341 1109 2402 etiam
1139 2339 1316 2412 dominium,
1348 2337 1371 2396 si

283 2429 422 2491 dominus
444 2429 499 2488 luit
521 2429 570 2506 qui
593 2428 723 2502 tradidit,
751 2430 797 2489 vel
820 2428 1032 2506 usucapionem
1055 2434 1106 2487 aut
1126 2425 1209 2503 longi
1231 2422 1371 2502 temporis

282 2515 552 2593 praescriptionem,
576 2514 601 2574 si
623 2514 761 2574 dominus
784 2534 845 2575 non
869 2515 914 2579 sit.

349 2598 536 2662 4*Hactenus
565 2600 707 2678 tantisper
733 2600 923 2661 admonuisse
949 2599 1088 2671 sufficiat,
1119 2595 1407 2674 quemadmodumtt

284 2683 432 2766 *singulae
460 2706 508 2747 res
531 2686 740 2764 adquiruntur:
770 2706 841 2747 nam
869 2688 1035 2764 legatorum
1058 2684 1118 2756 ius,
1151 2701 1209 2760 quo
1238 2689 1266 2742 et
1288 2679 1373 2762 ipso⁶

284 2769 433 2851 *singulae
462 2791 508 2834 res
532 2773 614 2832 robis
641 2772 848 2849 adquiruntur,
872 2768 958 2832 ‘item
981 2768 1291 2840 fideicommissorum,
1321 2766 1373 2826 ubi

284 2853 433 2934 *singulae
460 2878 508 2919 res
538 2859 621 2918 vobis
652 2853 862 2935 relinquntur',
896 2857 1090 2936 opportunius
1116 2848 1276 2915 ‘inferiori>
1306 2854 1371 2912 loco

284 2939 468 3005 *referemus
503 2944 655 3004 videamus
676 2944 775 3020 itaque
797 2962 886 3016 nunc,
910 2943 1018 3019 quibus
1040 2940 1136 3002 modis
1158 2959 1211 3017 per
1233 2938 1372 2998 universi·

284 3025 389 3090 *tatem
419 3048 466 3090 res
488 3029 572 3090 vobis
601 3029 805 3106 adquiruntur.
840 3029 864 3088 si
888 3028 933 3090 cui
960 3047 1031 3106 ergo
1061 3026 1183 3086 heredes
1212 3024 1280 3085 faeti
1309 3023 1370 3084 sitis

284 3111 360 3176 *sire
382 3115 464 3176 cuius
480 3118 627 3177 bonorum
649 3115 867 3193 possessionem
889 3110 1042 3192 petieritis*
1066 3108 1127 3173 ‘vel
1149 3110 1196 3172 si⁶
1218 3129 1307 3188 quem
1322 3111 1370 3170 ad·

281 3197 467 3280 ‘rogaveritis
490 3204 536 3263 vel
558 3201 582 3262 si
605 3201 688 3262 cuius
710 3202 790 3262 bona
811 3201 979 3262 libertatum
996 3197 1264 3263 conservandarum
1281 3215 1371 3266 causa

282 3284 380 3349 ‘robis
403 3288 518 3349 addicta
539 3283 672 3361 fuerint',
703 3283 779 3348 *eius
806 3308 854 3349 res
877 3306 981 3348 omnes
1002 3287 1041 3346 ad
1063 3305 1116 3347 vos
1138 3291 1301 3345 transeunt.
1337 3302 1371 3344 ac

285 3371 380 3452 *prius
409 3376 445 3435 de
476 3374 686 3436 hereditatibus
710 3374 907 3451 dispiciamus.
948 3392 1074 3450 quarum
1103 3371 1212 3449 duplex
1239 3369 1370 3430 condicio

284 3457 357 3522 *estz
379 3481 451 3521 nam
474 3463 521 3523 rel
543 3480 579 3521 ex
601 3467 778 3521 testamento
800 3462 846 3522 vel
868 3462 905 3521 ab
929 3460 1065 3520 intestato
1088 3459 1125 3518 ad
1146 3475 1198 3516 vos
1213 3457 1369 3535 pertinent.

284 3541 328 3607 *et
352 3547 434 3625 prius
456 3555 509 3621 est,
534 3553 566 3607 ut
588 3547 624 3607 de
645 3546 692 3607 bis
714 3546 912 3625 dispiciamus,
936 3565 1013 3622 quae
1035 3545 1117 3605 vobis
1139 3563 1175 3604 ex
1195 3549 1371 3604 testamento

285 3630 485 3696 *obveniunt*
520 3627 647 3710 ‘quain
670 3653 702 3693 re
723 3633 924 3694 necessarium
950 3640 994 3692 est
1015 3628 1119 3692 initiol
1141 3630 1177 3689 de
1199 3629 1370 3689 ordinandis

280 3714 480 3780 ‘testamentis
503 3714 675 3797 exponere.>

354 3872 590 3925 ¹robisoaaY1⁸
670 3872 761 3925 ¹dat.
778 3871 803 3934 2,
812 3870 855 3924 94.
869 3870 902 3925 95
983 3869 1077 3923 ⁸00d.
1096 3867 1197 3932 2321
1281 3866 1371 3917 *dat

282 3939 440 4004 2,97..100
511 3938 605 4009 lipsa]
626 3939 734 4012 ticine,
751 3943 807 4008 ipso
824 3941 952 3993 iurelibri
1022 3935 1083 4005 ssi]
1096 3941 1118 3990 si
1130 3937 1242 3990 ouiirsB
1307 3935 1372 3986 ⁷aio

281 4007 343 4076 ΒΘ,
360 4013 463 4063 initium
487 4011 512 4061 Τ
