3309 4917
243 471 282 516 As
297 468 465 515 rrrxsrrro
479 466 675 515 urrrnuuruu
764 448 804 511 89
1247 442 1326 510 ΠΙ,1

245 643 306 685 non
335 628 443 701 potest,
473 639 542 682 cum
565 620 652 682 fiscus
680 622 705 683 ei
728 622 865 682 succedit.
903 620 953 681 sed
976 626 1072 698 potest
1098 619 1154 680 dici
1175 618 1240 697 ipso
1261 618 1325 678 iure

244 729 309 771 esse
332 726 423 769 suum
442 707 593 780 heredem,
623 708 674 768 sed
696 708 838 769 desinere.
887 703 997 767 vuum
1019 706 1095 767 filius
1117 706 1211 766 filiave
1238 711 1268 765 et
1290 722 1327 763 ex
1345 712 1361 767 6

247 792 356 856 *altero
368 794 427 855 filio
438 812 530 871 nepos
543 793 674 871 neptisve
685 801 794 867 extant,
811 795 918 872 pariter
933 793 969 853 ad
981 793 1171 853 hereditatem
1184 796 1327 851 vocantur

246 878 316 943 *nec
338 880 389 958 qui
408 880 500 957 gradu
515 880 676 956 proximior
697 886 741 941 est
756 880 923 941 ulteriorem
939 878 1080 939 excludit:
1104 896 1231 955 aequum
1246 876 1326 937 enim

247 964 328 1029 *esse
350 966 463 1027 videtur
484 973 608 1043 nepotes
631 974 791 1044 neptesque
813 966 844 1025 in
866 965 957 1043 patris
979 964 1024 1025 sui
1045 966 1145 1025 locum
1161 962 1326 1023 succedere.

247 1050 326 1133 *pari
347 1052 460 1113 ratione
489 1059 517 1112 et
544 1052 569 1111 si
595 1070 688 1130 nepos
711 1050 865 1129 neptisque
891 1052 928 1111 sit
957 1071 993 1111 ex
1020 1051 1079 1111 tilio
1105 1058 1134 1111 et
1163 1068 1199 1111 ex
1221 1053 1328 1126 nepote

246 1136 410 1219 *pronepos
425 1138 620 1216 proneptisre,
645 1138 733 1198 simul
748 1146 899 1199 vocantur.
937 1142 966 1198 et
987 1138 1056 1213 quia
1077 1136 1185 1215 placuit
1205 1142 1327 1212 nepotes

247 1222 430 1305 *neptesque
454 1223 525 1283 item
541 1229 716 1301 pronepotes
730 1230 947 1302 proneptesque
968 1222 1000 1282 in
1014 1222 1145 1300 parentis
1168 1222 1213 1281 sui
1229 1222 1326 1281 locum

247 1308 430 1383 *succedere‚
460 1310 636 1371 conveniens
664 1330 728 1371 esse
749 1310 846 1371 risum
873 1318 918 1370 est
945 1328 1006 1369 non
1032 1308 1063 1368 iu
1086 1308 1194 1386 capita,
1223 1308 1273 1367 sed
1297 1307 1328 1367 in

248 1394 367 1475 “stirpes
382 1395 572 1457 hereditatem
594 1395 690 1469 dividi,
714 1404 746 1457 ut
765 1395 843 1457 filius
864 1401 979 1474 partem
994 1392 1144 1455 dimidiam
1160 1392 1328 1453 hereditatis

248 1480 418 1548 *habeatet
432 1500 468 1543 ex
483 1482 574 1543 altero
590 1482 648 1543 filio
668 1482 726 1543 duo
742 1482 877 1560 pluresve
892 1488 1013 1560 nepotes
1028 1481 1151 1541 alteram
1165 1478 1327 1539 dimidiam.

248 1565 332 1631 *item
355 1568 380 1630 si
402 1588 438 1629 ex
454 1566 569 1629 duobus
592 1568 657 1629 tiliis
672 1576 793 1648 nepotes
809 1574 910 1629 extant
930 1576 960 1628 et
981 1580 1026 1627 ex·
1040 1566 1130 1627 altero
1153 1584 1232 1627 unus
1254 1565 1329 1625 forte

251 1652 317 1716 *aut
331 1655 399 1733 duo,
423 1674 460 1715 ex
475 1656 565 1715 altero
580 1662 639 1716 tres
655 1662 705 1716 aut
720 1663 866 1732 quattuor,
892 1653 928 1714 ad
943 1672 1036 1713 unum
1053 1660 1104 1713 aut
1118 1651 1193 1713 duos
1208 1649 1329 1711 dimidia

250 1741 333 1821 ‘pars
357 1740 494 1819 pertinet,
524 1741 560 1801 ad
583 1748 641 1801 tres
663 1742 709 1802 vel
736 1742 773 1801 ad
795 1747 933 1819 quattuor
956 1740 1047 1800 altera
1069 1734 1214 1799 dimidia?
1252 1735 1328 1797 Cum
1348 1746 1364 1797 7

128 1888 131 1895 .
248 1836 348 1889 autem
364 1826 521 1904 quaeritur,
546 1846 584 1887 an
605 1826 670 1904 quis
686 1846 757 1887 suus
772 1827 859 1887 heres
875 1826 998 1887 existere
1013 1830 1124 1903 potest:
1148 1843 1183 1884 eo
1198 1830 1331 1901 tempore

248 1912 450 1992 quaerendum
475 1919 528 1985 est,
552 1931 611 1989 quo
626 1919 738 1973 certum
758 1919 803 1973 est
817 1911 945 1989 aliquem
965 1911 1029 1971 sine
1044 1915 1219 1971 testamento
1235 1910 1329 1970 deces-

248 2000 338 2061 sisse:
365 1997 444 2075 quod
474 1997 576 2058 accidit
604 1995 654 2059 et2
677 1998 813 2059 destituto
843 2003 1029 2059 testamento.
1081 1996 1138 2055 hac
1164 1995 1277 2055 ratione
1306 1994 1330 2054 si

247 2082 324 2147 filius
346 2084 539 2145 exheredatus
561 2084 647 2144 fuerit
675 2091 703 2144 et
726 2091 884 2145 extraneus
905 2083 991 2144 heres
1012 2082 1162 2143 institutus
1184 2088 1241 2154 est,
1271 2080 1330 2140 filio

248 2178 366 2233 mortuo
388 2177 490 2248 postea
512 2177 624 2231 certum
646 2169 734 2231 fuerit
755 2170 894 2231 heredem
913 2169 1080 2230 institutum
1103 2187 1139 2229 ex
1153 2173 1330 2228 testamento

247 2276 309 2319 non
336 2256 398 2317 fieri
420 2256 571 2329 heredem,
602 2263 653 2317 aut
681 2256 750 2333 quia
772 2256 865 2317 noluit
891 2275 956 2317 esse
982 2256 1068 2316 heres
1096 2261 1146 2314 aut
1171 2253 1240 2331 quia
1268 2271 1330 2313 non

248 2342 357 2423 potnit:
381 2361 473 2420 nepos
496 2362 550 2403 avo
572 2362 645 2403 suus
660 2344 745 2404 heres
762 2344 874 2415 existet,
898 2342 967 2420 quia
989 2361 1048 2419 quo
1063 2348 1196 2419 tempore
1218 2347 1331 2400 certum

249 2437 294 2491 est
310 2430 480 2490 intestatum
494 2429 653 2490 decessisse
675 2436 788 2507 patrem
804 2428 940 2501 familias,
965 2429 1045 2490 solus
1060 2426 1206 2487 invenitur
1227 2444 1330 2503 nepos.

251 2523 279 2578 et
300 2517 358 2576 hoc
381 2522 492 2575 certum
515 2521 570 2576 est.
606 2515 642 2575 Et
663 2515 730 2576 licet
752 2522 960 2593 postmortem
984 2514 1029 2574 avi
1051 2520 1140 2574 natus
1162 2512 1208 2585 sit,
1232 2519 1332 2571 tamen
1351 2516 1367 2571 8

250 2622 306 2663 nro
328 2601 393 2661 vivo
416 2608 589 2679 conceptus,
617 2610 734 2661 mortuo
764 2608 847 2678 patre
873 2602 936 2661 eius
958 2607 1119 2678 posteaque
1144 2599 1259 2658 deserto
1287 2597 1333 2656 avi

251 2693 431 2749 testamento
454 2706 526 2747 suus
541 2687 627 2748 heres
642 2686 774 2748 efficitur.
812 2688 900 2765 plane
922 2687 948 2747 si
970 2693 998 2747 et
1013 2692 1171 2763 conceptus
1194 2690 1223 2744 et
1245 2691 1333 2743 natus

252 2774 339 2835 luerit
367 2779 434 2851 post
455 2780 581 2833 mortem
609 2771 669 2846 avi,
698 2779 816 2834 mortuo
843 2779 926 2850 patre
955 2791 1009 2832 suo
1031 2772 1205 2847 desertoque
1231 2776 1334 2847 postea

255 2860 301 2920 avi
329 2865 506 2919 testamento
539 2878 611 2919 suus
638 2859 724 2920 heres
753 2877 806 2918 avo
834 2877 895 2919 non
923 2857 1032 2930 existit,
1059 2856 1136 2934 ¹quia
1162 2855 1245 2915 nullo
1272 2855 1334 2915 iure

253 2944 439 3022 cognationis
466 2951 579 3021 patrem
613 2944 659 3004 sui
687 2944 776 3022 patris
804 2943 907 3021 tetigit.
960 2943 1001 3003 sic
1028 2962 1083 3003 nec
1109 2943 1157 3003 ille
1186 2949 1230 3003 est
1260 2940 1335 3001 inter

253 3030 361 3091 liberos
394 3048 461 3103 avo,
489 3048 577 3107 quem
606 3027 683 3090 filius
709 3030 911 3107 emancipatus
941 3029 1137 3106 adoptaverat.
1182 3027 1335 3089 hiantem

254 3134 323 3179 cum
342 3134 406 3200 *non
430 3122 500 3176 sunt
520 3122 665 3193 quantum
689 3116 725 3176 ad
740 3115 933 3176 hereditatem
954 3114 1046 3187 liberi,
1069 3133 1166 3191 neque
1188 3115 1336 3174 honorum

254 3201 472 3282 possessionem
499 3209 597 3281 petere
619 3209 744 3280 possunt
772 3203 856 3279 quasi
878 3201 1004 3280 proximi
1027 3200 1156 3280 cognati.
1204 3200 1278 3260 haec
1301 3198 1337 3259 de

254 3289 315 3351 suis
336 3287 502 3349 heredibus.

319 3373 502 3452 Emancipati
525 3381 624 3435 autern
646 3373 730 3434 liberi
752 3373 814 3435 iure
829 3374 902 3434 civili
918 3373 990 3434 nihil
1005 3372 1077 3433 iuris
1091 3372 1216 3433 habent:
1240 3388 1337 3448 neque
1355 3374 1373 3429 9

257 3460 337 3523 enim
359 3460 404 3521 sui
426 3460 548 3522 heredes
564 3465 643 3534 sunt,
666 3459 735 3537 quia
750 3460 780 3519 in
796 3466 938 3538 potestate
953 3479 1019 3520 esse
1033 3458 1183 3519 desierunt
1197 3458 1336 3537 parentis,

256 3562 351 3625 neque
373 3547 429 3607 alio
451 3548 513 3608 ullo
526 3547 598 3617 ¹iure
619 3566 671 3625 per
692 3547 788 3623 legem
811 3546 964 3607 duodecim
991 3546 1159 3605 tabularum
1186 3551 1337 3605 vocantur.

257 3634 308 3695 sed
330 3641 448 3711 praetor
468 3633 595 3694 naturali
617 3632 761 3710 aequitate
783 3640 882 3693 motus
905 3632 955 3692 dat
977 3632 1019 3692 eis
1048 3632 1195 3692 bonorum
1225 3650 1339 3709 posses·

257 3719 372 3780 sionem
393 3720 472 3781 unde
494 3720 586 3794 liberi,
611 3715 766 3798 lbperinde
788 3738 822 3779 ac
845 3718 871 3778 si
887 3718 918 3777 in
932 3724 1075 3796 potestate
1089 3717 1220 3795 parentis
1235 3717 1339 3777 mortis

256 3810 388 3883 tempore
409 3805 548 3880 luissent,
579 3805 638 3867 sive
660 3805 714 3866 soli
738 3804 795 3865 sint
819 3800 892 3863 sive*
917 3823 985 3864 cum
1008 3805 1069 3864 suis
1092 3804 1249 3865 heredibus
1272 3822 1339 3863 con·

257 3897 386 3955 currant.
422 3890 521 3969 itaque
546 3892 661 3953 duobus
688 3891 786 3952 liberis
813 3890 995 3963 extantibus,
1024 3890 1208 3969 emancipato
1239 3886 1340 3964 etqui

256 3977 360 4039 mortis
382 3982 515 4056 tempore
535 3978 566 4038 in
589 3984 733 4056 potestate
754 3976 853 4050 fuerit,
880 3995 953 4037 sane
973 3975 1094 4053 quidem
1117 3976 1141 4036 is
1163 3974 1213 4052 qui
1235 3973 1266 4034 in
1289 3991 1338 4051 po·

257 4069 362 4126 testate
383 4063 469 4125 fuerit
491 4065 572 4125 solus
594 4063 656 4124 iure
678 4063 751 4126 cirili
774 4064 860 4123 heres
882 4070 935 4135 est,
959 4062 988 4123 id
1010 4068 1054 4123 est
1069 4059 1150 4125 solus
1166 4079 1238 4121 suus
1254 4059 1341 4120 heres

329 4195 492 4265 16(αἱ.3,7.8
545 4195 601 4266 ¹et]
618 4200 742 4251 TvPcum
754 4195 784 4260 Θ,
795 4197 867 4265 exB‚
877 4224 927 4251 *aaa
937 4195 990 4266 (vel
999 4194 1051 4264 ott)
1061 4214 1094 4249 ex
1104 4197 1139 4247 'T‘
1191 4192 1341 4258 ⁸oat.3‚26
