3309 4917
285 460 484 508 ocerannus
799 447 857 507 101
1292 442 1370 507 111,ss

283 610 423 679 ‘fecimus
447 612 540 698 (quod
565 615 611 677 ius
637 635 732 693 usque
758 618 794 677 ad
817 625 919 680 nostra
944 626 1079 697 tempora
1109 617 1181 677 satis
1211 618 1371 677 obscurum

282 697 387 782 <atqua
409 704 489 763 nube
503 700 625 780 plenum
647 711 675 763 ct
694 704 825 781 undique
839 705 996 766 contusum
1011 700 1121 787 iuerat)
1144 710 1173 765 ct
1195 704 1252 764 hoc
1266 704 1370 764 huma·

284 783 391 852 ‘nitate
413 795 591 867 suggerente
613 789 827 864 concessimus,
856 799 889 852 ut
915 791 941 851 si
962 786 1082 869 quis'in
1105 788 1202 851 servili
1223 790 1384 851 consortio·

287 871 478 937 <constitutus
490 874 617 936 liberum
633 877 680 935 vel
701 875 808 937 liberos
824 876 960 939 habuerit
980 878 1041 937 sive
1063 895 1100 938 ex
1120 876 1214 936 libera
1236 876 1296 936 sive
1312 894 1369 936 ser·

285 957 364 1023 ‘vilis
380 960 560 1023 condicionis
582 960 713 1035 muliere,
737 962 783 1023 vel
806 971 910 1024 contra
931 982 1016 1024 serra
1037 961 1143 1023 mulier
1165 981 1201 1023 ex
1216 962 1308 1023 libero
1323 964 1371 1022 vel

284 1043 384 1109 ‘servo
399 1046 535 1107 habuerit
555 1046 663 1109 liberos
680 1047 892 1126 cuiuscumque
913 1068 1011 1123 sexus,
1035 1056 1063 1111 et
1085 1049 1122 1108 ad
1137 1047 1302 1109 libertatem
1324 1046 1370 1109 his

282 1129 535 1213 ‘pervenientibus
557 1140 586 1194 et
607 1133 648 1207 hi,
672 1133 722 1211 qui
744 1154 781 1195 ex
801 1134 899 1195 servili
913 1142 1014 1196 ventre
1035 1134 1097 1195 nati
1111 1142 1190 1208 sunt,
1206 1134 1370 1195 libertatem

283 1215 480 1303 ‘meruerunt
503 1220 549 1280 vel
570 1219 643 1280 dum
664 1219 803 1281 mulieres
824 1220 933 1282 liberae
954 1227 1047 1294 crant,
1070 1220 1125 1299 ipsi
1147 1220 1178 1279 in
1201 1220 1370 1281 servitutem

257 1301 350 1391 '‘eos
376 1303 567 1367 habueruntl
592 1311 623 1366 et
651 1312 754 1384 postea
784 1307 821 1367 ad
847 1306 1012 1369 libertatem
1041 1314 1250 1386 pervenerunt,
1277 1314 1310 1367 ut
1338 1307 1369 1367 hi

282 1388 404 1454 ‘omnes
426 1392 464 1452 ad
487 1391 703 1454 successionem
726 1394 771 1454 vel
799 1393 957 1471 patrisve]
983 1392 1086 1453 matris
1109 1392 1245 1466 veniant,
1275 1400 1370 1470 patro·

282 1474 386 1540 ‘natus
401 1477 464 1538 iure
486 1477 517 1537 in
538 1478 595 1539 hac
609 1484 691 1557 parte
707 1478 817 1557 sopito:
841 1479 895 1540 hos
918 1479 998 1541 enim
1013 1479 1122 1539 liberos
1143 1496 1205 1538 non
1221 1478 1318 1539 solum
1339 1478 1370 1538 in

282 1560 422 1626 <suorum
440 1563 606 1643 parentium
621 1565 848 1641 successionem,
872 1566 924 1627 sed
946 1565 1035 1627 etiam
1057 1565 1184 1626 alterum
1208 1564 1238 1625 in
1254 1564 1372 1625 alterius

282 1646 434 1711 ‘mutuam
456 1650 673 1712 successionem
695 1651 881 1726 vocavimus,
912 1672 948 1713 ex
969 1652 1020 1712 illa
1046 1652 1114 1730 lege
1136 1650 1299 1729 specialiter
1320 1670 1371 1711 eos

282 1733 450 1809 ‘vocantem
480 1735 539 1797 sive
561 1736 616 1798 soli
637 1736 824 1799 inveniantur
846 1738 898 1816 qui
920 1738 952 1799 in
977 1737 1114 1799 servitute
1136 1736 1198 1798 nati
1219 1744 1248 1799 et
1270 1744 1371 1814 postea

282 1819 476 1884 ‘manumissi
497 1828 580 1895 sunt,
611 1822 672 1883 sive
694 1842 754 1884 una
776 1843 846 1885 cum
869 1824 941 1896 aliis,
969 1824 1020 1901 qui
1046 1830 1114 1902 post
1134 1823 1299 1884 libertatem
1321 1843 1370 1901 pa·

282 1904 427 1971 ‘rentium
450 1908 583 1986 concepti
610 1914 680 1969 sunt
701 1909 762 1970 sire
789 1929 826 1970 ex
849 1911 953 1971 eadem
976 1916 1071 1970 matre
1092 1910 1139 1969 vel
1160 1910 1265 1970 eodem
1288 1917 1371 1988 patre

285 1990 362 2056 ‘sive
384 2012 421 2055 ex
441 1992 504 2054 aliis
519 1993 638 2072 nuptiis,
662 1994 699 2056 ad
714 1994 935 2057 similitudinem
950 2015 1054 2057 eorum
1076 1995 1127 2073 qui
1148 2014 1186 2056 ex
1200 1995 1283 2055 iustis
1297 2014 1369 2074 nup·

285 2076 346 2142 <tiis
369 2080 512 2158 procreati
534 2074 629 2142 sunt.>

350 2165 491 2244 Repetitis
513 2165 612 2243 itaque
632 2166 771 2228 omnibus
793 2186 871 2245 quae
889 2167 949 2229 iam
971 2166 1144 2229 tradidimus
1166 2172 1287 2244 apparet
1308 2184 1370 2227 non
1389 2172 1421 2228 11

284 2272 403 2331 semper
429 2270 493 2329 eoS,
524 2253 574 2330 qui
601 2272 703 2332 parem
726 2253 854 2332 gradum
876 2253 1062 2332 cognationis
1084 2254 1233 2331 optinent,
1264 2253 1371 2331 pariter

285 2339 384 2401 vocari
398 2357 493 2415 eoque
508 2338 634 2417 amplius
657 2358 796 2401 naccum
812 2340 941 2417 quidem,
965 2340 1015 2418 qui
1028 2340 1188 2418 proximior
1211 2341 1248 2400 sit
1262 2358 1370 2418 cogna-

285 2430 343 2499 tuS,
367 2444 483 2504 semper
498 2425 641 2503 potiorem
664 2444 737 2488 esse.
776 2446 845 2488 cum
867 2426 946 2488 enim
966 2426 1062 2505 prima
1076 2445 1173 2490 ¹causa
1195 2425 1232 2486 sit
1247 2444 1370 2486 suorum

288 2510 431 2573 heredum
447 2530 580 2588 quosque
602 2511 679 2572 inter
700 2530 770 2573 suos
792 2512 915 2573 heredes
938 2512 997 2573 iam
1013 2512 1259 2583 enumeravimus,
1284 2530 1371 2590 appa-

287 2605 331 2659 ret
349 2604 548 2677 ¹pronepotem
574 2598 620 2659 vel
653 2598 829 2676 abnepotem
863 2598 990 2660 defuncti
1017 2596 1159 2677 potiorem
1188 2616 1253 2658 esse
1280 2617 1370 2675 quam

286 2682 407 2745 fratrem
435 2689 486 2743 aut
511 2689 625 2761 patrem
652 2690 837 2761 matremque
861 2684 1005 2756 defuncti,
1035 2703 1104 2745 cum
1132 2683 1261 2759 alioquin
1289 2691 1371 2761 pater

285 2769 404 2846 quidem
426 2776 454 2830 et
469 2775 571 2842 mater,
595 2776 628 2829 ut
650 2788 739 2847 supra
762 2789 879 2847 quoque
893 2770 1076 2844 tradidimus,
1099 2769 1228 2848 primum
1243 2770 1371 2848 gradum

285 2854 471 2932 cognationis
493 2853 660 2932 optineant,
688 2856 778 2917 irater
799 2875 869 2916 vero
891 2857 1067 2930 secundum,
1097 2874 1244 2934 pronepos
1271 2863 1370 2916 autem

287 2941 371 3001 tertio
393 2939 489 3018 gradu
516 2939 553 3000 sit
575 2948 721 3018 cognatus
747 2948 776 3003 et
803 2943 936 3020 abnepos
958 2949 1077 3019 quarto:
1104 2960 1159 3002 nec
1181 2942 1317 3013 interest,
1339 2941 1370 3001 in

285 3033 429 3105 potestate
452 3025 603 3087 morientis
625 3026 710 3088 fuerit
733 3047 771 3088 an
794 3046 855 3089 non
877 3028 976 3101 fuerit,
1000 3028 1079 3106 quod
1101 3028 1148 3088 vel
1169 3027 1370 3105 emancipatus

285 3113 331 3173 vel
346 3131 383 3173 ex
398 3111 582 3189 emancipato
598 3120 648 3173 aut
671 3133 708 3174 ex
722 3112 864 3175 feminino
879 3133 952 3175 sexu
967 3119 1148 3192 propagatus
1163 3120 1216 3175 cst.
1255 3113 1371 3174 Amotis
1388 3122 1423 3177 12

286 3217 405 3277 quoque
426 3196 488 3258 suis
510 3198 666 3260 heredibus
689 3194 839 3279 ‘quosque
860 3200 937 3261 inter
959 3220 1029 3261 suos
1051 3200 1174 3262 heredes
1189 3200 1286 3262 vocari
1301 3200 1371 3259 dixi·

284 3280 368 3346 mu?
378 3284 401 3359 ²,
424 3284 587 3362 adgnatus,
611 3285 661 3361 qui
682 3285 832 3365 integrum
855 3286 900 3347 ius
925 3285 1113 3365 adgnationis
1133 3286 1233 3360 habet,
1256 3285 1371 3347 etiamsi

285 3370 462 3450 longissimo
478 3371 572 3450 gradu
588 3370 633 3445 sit,
649 3367 852 3451 ‘plerumque'
865 3372 960 3452 potior
970 3374 1096 3434 habetur
1110 3392 1200 3451 quam
1211 3372 1371 3452 proximior

285 3464 446 3536 cognatus:
470 3476 541 3517 nam
564 3458 660 3536 patrui
682 3477 775 3538 nepos
794 3457 840 3520 vel
862 3478 1008 3538 pronepos
1031 3462 1175 3521 avunculo
1198 3461 1245 3520 vel
1267 3465 1371 3521 mater·

285 3550 364 3606 terae
394 3543 565 3622 praefertur.
609 3544 716 3605 totiens
747 3543 838 3623 igitur
865 3546 989 3607 dicimus
1020 3553 1071 3606 aut
1098 3547 1242 3625 potiorem
1270 3544 1372 3606 haberi

285 3649 355 3691 eum
377 3629 428 3708 qui
449 3628 657 3709 proximiorem
680 3631 804 3709 gradum
827 3632 1012 3710 cognationis
1035 3632 1159 3711 optinet,
1191 3638 1242 3693 aut
1264 3632 1372 3710 pariter

285 3716 383 3777 vocari
409 3735 460 3777 cos
488 3715 537 3793 qui
560 3716 678 3795 cognati
701 3717 774 3792 sint,
804 3718 940 3795 quotiens
963 3737 1060 3796 neque
1082 3738 1205 3780 suomm
1227 3718 1371 3779 heredum

286 3801 348 3863 iure
369 3797 493 3880 <quique
519 3802 594 3864 inter
623 3822 693 3864 suos
720 3804 843 3865 heredes
871 3800 956 3866 sunt'
980 3824 1077 3884 neque
1098 3804 1286 3882 adgnationis
1309 3804 1371 3865 iure

285 3888 390 3966 aliquis
406 3888 544 3967 praeferri
558 3889 662 3977 debeat
676 3890 840 3952 secundum
856 3910 892 3952 ea
906 3888 1003 3969 qrrae³
1018 3890 1204 3964 tradidimus,
1228 3885 1371 3967 ‘exceptis

358 4059 367 4091 ¹
385 4076 429 4113 cos
445 4058 602 4128 habuerunt]
621 4062 740 4115 abierunt
756 4061 900 4115 Mommsen
969 4062 980 4095 ¹
998 4059 1023 4127 3,
1036 4059 1058 4129 l,
1068 4060 1105 4114 2·
1168 4061 1226 4114 'aa
1242 4056 1318 4127 qnae]
1336 4062 1369 4128 B,

288 4129 518 4196 fflmmn
