3309 4917
270 523 310 569 un
325 522 403 567 sarr·
419 522 506 567 suav.
785 508 846 568 115
1195 503 1244 567 111,
1259 502 1359 559 17-19

268 677 361 737 lando
385 674 543 754 unicuique
566 676 754 739 dominorum
778 697 831 756 pro
854 677 988 757 portione
1007 677 1130 740 dominii
1145 676 1279 754 adquirit,
1302 676 1359 737 nisi

268 762 294 823 si
318 762 406 823 unius
429 781 533 823 eorum
556 762 638 825 iussu
660 771 712 824 aut
734 764 912 825 nominatim
934 764 981 825 cui
1004 783 1108 825 eorum
1129 763 1284 841 stipulatus
1299 770 1358 825 est:

268 854 342 910 tunc
365 848 445 909 enim
467 848 523 910 soli
545 848 571 909 ei
594 848 765 927 adquiritur.
790 849 869 926 quod
891 869 993 912 servus
1012 850 1179 923 communis
1194 849 1357 928 stipulatur,

269 935 296 995 si
319 934 402 995 alteri
423 954 460 995 ex
483 934 611 996 dominis
634 934 748 1012 adquiri
770 955 832 997 non
855 943 960 1015 potest,
984 936 1112 998 solidum
1135 935 1218 996 alteri
1234 935 1359 1013 adquiri-

268 1026 328 1095 tur,
351 1021 440 1083 veluti
462 1020 486 1081 si
508 1040 556 1083 res
578 1041 669 1098 quam
692 1021 755 1082 dari
778 1021 934 1099 stipulatus
956 1030 1000 1083 est
1021 1023 1110 1084 unius
1134 1021 1246 1082 domini
1268 1021 1314 1082 sit.

521 1324 569 1379 DE
586 1227 1107 1382 DIVISIONEXg'll'IIlPULATIONUM.

337 1431 584 1510 ¹Stipulationum
613 1430 687 1493 aliae
708 1432 858 1494 iudiciales
880 1440 963 1507 sunt,
986 1433 1061 1493 aliae
1082 1432 1260 1511 praetoriae,
1284 1432 1357 1494 aliae

270 1518 519 1591 conventionales,
543 1517 618 1578 aliae
640 1537 815 1580 communes
838 1527 901 1579 tam
916 1518 1079 1597 praetoriae
1093 1538 1184 1596 quam
1200 1518 1356 1579 iudiciales.

276 1602 444 1665 ¹Iudioiales
466 1611 537 1664 sunt
558 1604 720 1679 dumtaxat,
744 1623 821 1682 quae
843 1625 861 1665 a
883 1624 966 1666 mero
987 1604 1089 1665 iudicis
1113 1604 1207 1666 officio
1229 1605 1357 1684 proficis·
1377 1610 1390 1661 1

270 1698 389 1751 cuntur:
418 1690 506 1750 veluti
528 1690 565 1751 de
587 1689 653 1751 dolo
676 1691 772 1753 cautio
794 1692 840 1751 vel
862 1691 899 1752 de
921 1690 1124 1770 persequendo
1147 1709 1231 1752 servo
1253 1690 1356 1767 quiin

270 1777 343 1854 fuga
366 1783 412 1837 est
433 1775 649 1836 restituendove
671 1777 773 1853 pretio.
815 1776 1008 1851 1Praetoriae,
1032 1796 1109 1853 quae
1131 1796 1149 1838 a
1172 1796 1253 1837 mero
1275 1779 1392 1856 prael

270 1862 342 1923 toris
365 1862 460 1923 officio
482 1860 717 1939 proficiscuntur,
747 1863 835 1924 veluti
864 1862 966 1922 damni
988 1861 1086 1923 infecti
1107 1862 1154 1922 vel
1179 1862 1356 1940 legatorum.

270 1947 432 2026 praetorias
454 1954 552 2007 autem
576 1946 779 2025 stipulationes
802 1950 845 2008 sie
871 1947 1002 2008 exaudiri
1030 1954 1160 2025 oportet,
1190 1956 1223 2008 ut
1250 1948 1281 2008 in
1310 1948 1357 2009 his

273 2033 479 2094 contineantur
501 2032 589 2093 etiam
612 2032 772 2094 aediliciae:
801 2053 881 2093 nam*
896 2040 925 2094 et
946 2034 1003 2094 hae
1027 2035 1064 2094 ab
1088 2032 1285 2094 iurisdictione
1311 2054 1356 2094 vo

271 2120 367 2181 niunt.
416 2117 681 2181 lConventionales
708 2126 790 2194 sunt,
819 2139 896 2197 quae
922 2139 957 2180 ex
985 2119 1178 2180 conventione
1203 2119 1392 2197 utriusque3

268 2206 359 2285 partis
382 2204 598 2283 concipiuntur,
622 2199 694 2266 <hoe
720 2212 765 2267 est
791 2225 888 2283 neque
914 2206 995 2266 iussu
1022 2206 1125 2266 iudicis
1151 2225 1248 2282 neque
1273 2206 1356 2266 iussu

268 2290 421 2371 praetoris,
444 2291 498 2351 sed
520 2311 557 2352 ex
579 2290 774 2353 conventione
797 2287 1062 2353 contrahentium.>
1093 2310 1220 2369 quarum
1235 2292 1356 2353 totidem

269 2397 379 2456 genera
395 2384 473 2451 sunt,
497 2385 570 2456 quot
585 2396 679 2456 paene
693 2378 817 2438 dixerim
834 2397 933 2439 rerum
948 2377 1227 2439 contrahendarum.
1253 2376 1356 2440 ¹Com·
1373 2380 1392 2433 4

268 2483 375 2525 munes
398 2470 468 2524 sunt
491 2464 693 2541 stipulationes
716 2465 804 2525 veluti
825 2484 890 2524 rem
913 2466 1025 2525 salvam
1052 2464 1114 2525 lore
1140 2464 1255 2542 pupilli:
1285 2483 1356 2524 nam

267 2557 296 2611 et
325 2556 442 2628 praetor
470 2550 551 2610 iubet
577 2568 641 2609 rem
670 2550 781 2610 salvam
809 2549 871 2610 fore
898 2550 1008 2627 pupillo
1036 2549 1132 2610 caveri
1158 2557 1188 2609 et
1209 2549 1356 2610 interdum

267 2636 372 2709 iudex,
403 2636 429 2695 si
455 2635 537 2696 aliter
559 2634 688 2713 expediri
710 2635 784 2697 haee
805 2654 853 2695 res
876 2654 937 2696 non
960 2642 1069 2713 potest:
1097 2636 1143 2697 vel
1165 2634 1202 2695 de
1224 2642 1287 2695 rato
1310 2635 1356 2696 sti-

269 2722 411 2800 putatio,

795 2842 807 2899 1
842 2838 856 2878 a

493 2939 540 2995 Du
557 2840 1129 2995 luurmlssuaxshhrunarlomssus

335 3045 440 3106 Omnis
462 3065 518 3121 res,
543 3065 618 3123 quae
640 3046 770 3108 dominio
793 3055 896 3109 nostro
919 3047 1070 3120 subicitur,
1094 3047 1124 3107 in
1140 3045 1357 3125 stipulationem

270 3132 375 3192 deduci
397 3138 503 3210 potest,
526 3133 586 3193 sive
608 3132 657 3193 illa
679 3131 797 3194 mobilis
820 3134 881 3195 sive
903 3134 958 3194 soli
980 3134 1027 3194 sit.
1065 3131 1124 3194 Αῑ3
1146 3132 1172 3192 si
1194 3132 1261 3209 quis
1282 3151 1355 3206 rem,
1375 3136 1390 3188 1

269 3237 347 3295 quae
372 3218 402 3278 in
425 3238 524 3279 rerum
547 3226 654 3279 natura
675 3238 737 3280 non
760 3225 804 3282 est
826 3225 877 3281 aut
899 3239 965 3281 esse
987 3239 1047 3280 non
1064 3225 1168 3296 potest,
1192 3218 1254 3278 dari
1269 3218 1357 3296 stipu-

267 3306 347 3365 latus
369 3304 464 3378 fuerit,
491 3304 579 3366 veluti
601 3305 744 3380 Stichum,
767 3306 819 3383 qui
842 3313 976 3367 mortuus
998 3305 1044 3377 sit,
1068 3324 1157 3383 quem
1178 3304 1276 3365 virere
1296 3322 1357 3364 ore

268 3390 370 3465 debat,
399 3398 450 3451 aut
473 3391 751 3470 hippocentaurum,
781 3392 833 3469 qui
855 3411 1003 3453 essenon
1033 3392 1138 3469 possit,
1165 3390 1276 3451 inutilis
1302 3389 1357 3451 erit

268 3477 428 3556 stipulatio.
460 3477 540 3538 ldem
563 3477 633 3538 iuris
655 3484 708 3551 est,
733 3478 758 3538 si
780 3498 843 3538 rem
866 3497 981 3540 sacram
997 3486 1048 3538 aut
1062 3476 1242 3555 religiosam,
1265 3479 1390 3554 quam2

268 3560 392 3624 humani
413 3564 485 3624 iuris
508 3582 574 3625 esse
596 3564 746 3636 credebat,
770 3564 815 3624 vel
838 3564 1001 3642 publicam,
1029 3583 1105 3641 quae
1127 3564 1230 3624 usibus
1256 3561 1357 3641 populi

269 3655 410 3727 perpetuo
432 3650 563 3727 exposita
586 3649 635 3723 sit,
660 3656 693 3710 ut
713 3650 812 3710 forum
834 3651 880 3710 rel
902 3650 1066 3724 theatrum,
1089 3650 1136 3711 vel
1157 3649 1283 3711 libemm
1305 3649 1357 3709 ho·

269 3734 395 3808 minem,
425 3755 513 3811 quem
541 3755 658 3797 sermm
689 3755 754 3797 esse
782 3736 932 3809 credebat,
960 3736 1007 3797 vel
1032 3735 1116 3798 cuius
1145 3734 1356 3797 commercium

269 3839 330 3881 non
353 3820 470 3894 habuit,
497 3823 544 3882 vel
565 3842 628 3883 rem
651 3840 736 3882 suam
760 3821 845 3882 dari⁴
867 3822 933 3899 quis
955 3822 1119 3899 stipuletur.
1157 3820 1264 3883 necin
1286 3838 1356 3897 pen·

239 3919 242 3927 ’
269 3905 349 3966 denti
370 3906 425 3987 erit
447 3907 594 3985 stipulatio
617 3909 655 3969 ob
678 3908 717 3982 id,
741 3908 819 3985 quod
843 3907 959 3986 publica
981 3927 1029 3968 res
1044 3907 1075 3969 in
1091 3908 1238 3986 privatum
1252 3904 1355 3966 deduci

267 4000 297 4052 et
319 4011 356 4054 ex
378 3992 469 4054 libero
492 4013 594 4055 servus
616 3994 677 4055 fieri
699 4001 795 4073 potest
818 4002 847 4054 et
869 3994 1080 4056 commercium
1103 3992 1223 4072 adipisci
1237 3991 1354 4070 stipula·

266 4148 270 4154 ¹
340 4143 1150 4215 11)τ·..ἕ4οσι·1>ιζᾳ.45,1,5ρν.(Ρονιιρ.ῐ.26ιιάἑῖιιό.)
1205 4144 1354 4212 ‘afluat

267 4211 592 4281 3‚97..10900d.8,38
664 4214 984 4303 'adAd-'flitmum
1055 4215 1223 4353 ‘dagzlibri
