3309 4917
316 413 430 500 ”3³4
756 417 965 521 Α
1141 434 1408 491 numericorum

316 588 525 667 *rumperetur
549 594 600 649 aut
621 606 711 665 pecus
733 586 764 649 iu
787 594 904 647 tantum
926 586 1126 664 exagitaverit,
1149 595 1183 647 ut
1202 586 1407 665 praecipitara-

316 673 379 740 'tur
388 674 411 749 ¹,
434 681 485 735 aut
504 673 530 737 si
552 673 618 750 quis
632 673 729 736 alieno
744 690 829 735 servo
845 672 1030 750 persuaserit,
1054 673 1132 737 utin
1147 674 1285 735 arborem
1301 693 1407 745 ascen

316 758 412 825 *deret
422 761 467 828 rel
478 760 509 822 in
521 766 642 838 puteum
652 759 851 833 descenderet,
863 766 892 820 et
903 758 930 820 ie
939 759 1127 824 ascendendo
1139 761 1184 824 vel
1195 759 1406 823 descendendo

316 843 381 909 *aut
395 853 531 911 mortuus
546 845 633 909 tuerit
647 853 698 908 aut
712 844 810 922 aliqua
824 851 908 923 parte
922 844 1052 923 corporis
1067 846 1165 907 laesus
1180 841 1258 919 erit⁴,
1276 844 1355 907 utilia
1371 846 1405 912 in

314 952 382 997 eum
397 932 473 995 actio
487 932 583 993 datur.
615 926 681 993 *sed
703 930 728 991 ai
750 930 816 1007 quis
838 930 969 994 alienum
984 950 1104 993 aurum
1117 931 1154 992 de
1168 939 1260 1010 ponte
1273 939 1325 993 aut
1340 931 1406 1010 ripa

315 1015 360 1083 *in
376 1019 487 1081 flumen
502 1016 636 1079 damant
649 1016 718 1079 etis
734 1018 895 1079 suffocatus
908 1016 1004 1091 tuerit,
1027 1036 1063 1078 eo
1076 1017 1158 1095 quod
1172 1016 1325 1095 proiecerit
1341 1036 1405 1083 cor·

315 1102 401 1183 *pore
415 1123 471 1165 suo
485 1104 630 1165 damnum
641 1102 756 1165 dedisse
771 1121 834 1165 non
856 1102 1010 1165 difficiliter
1030 1103 1160 1181 intellegi
1182 1099 1301 1181 poterit⁴
1325 1103 1405 1165 ideo·

314 1210 371 1268 que
385 1190 450 1267 ipsa
463 1191 529 1267 lege
539 1188 656 1266 Aquilia
670 1195 794 1252 tenetur.
822 1183 890 1251 ‘aad
904 1188 930 1248 si
943 1208 1005 1250 non
1020 1208 1142 1267 corpore
1156 1190 1301 1251 damnum
1317 1189 1405 1252 tuerit

314 1271 430 1340 ‘datum
442 1295 538 1353 neque
552 1294 659 1353 corpus
675 1276 788 1337 laesum
804 1274 900 1346 merit,
916 1274 967 1335 aed
982 1275 1040 1335 alio
1055 1275 1144 1337 modo
1159 1276 1305 1337 damnum
1316 1275 1404 1337 alieni

313 1357 461 1439 ‘contigit
491 1380 559 1423 oum
588 1381 650 1423 non
676 1360 785 1422 sufficit
806 1379 904 1438 neque
926 1360 1036 1423 directa
1056 1380 1153 1438 neque
1173 1360 1253 1421 utilis
1274 1362 1402 1438 aquilia,

316 1443 439 1527 ‘placuit
468 1467 538 1511 cum
566 1447 617 1525 qui
645 1446 792 1509 obnoxius
821 1445 941 1508 fuerit'
932 1466 964 1507 m
992 1447 1104 1509 iactum
1136 1447 1252 1511 actione
1282 1442 1403 1510 tenerit

317 1532 471 1597 tveluu·
448 1554 473 1595 ar
495 1533 561 1612 quis
583 1532 783 1595 misericordia
804 1533 910 1595 ductus
924 1531 1055 1596 alienum
1069 1552 1189 1595 servum
1203 1533 1403 1644 compeditum

314 1620 441 1693 solverit,
464 1627 498 1679 ut
518 1619 642 1696 lugeret.

872 1768 886 1809 a

740 1868 789 1927 Du
806 1770 969 1928 uldunns

378 1976 578 2039 ‘Generaliter
599 1977 706 2038 iniuria
727 1977 832 2039 dicitur
853 1997 944 2039 omne
966 1980 1044 2056 quod
1067 1997 1128 2039 nou
1146 1978 1210 2040 iure
1224 1980 1269 2041 fitz
1292 1975 1401 2058 spacia·

311 2062 376 2126 liter
401 2064 474 2125 alias
501 2064 695 2139 contumelia,
728 2083 803 2141 quae
829 2084 849 2125 a
874 2065 1091 2126 contemnendo
1119 2065 1197 2126 dicta
1221 2072 1279 2139 eat,
1310 2069 1402 2143 quam

260 2204 262 2208 .
312 2150 415 2211 Graeci
429 2150 523 2232 ὕβριν
537 2152 696 2228 appellant,
713 2151 786 2210 alias
801 2151 897 2228 culpa,
914 2169 1004 2227 quam
1019 2150 1123 2212 Graeci
1134 2150 1279 2233 ἀόὑιημα
1290 2152 1400 2227 dictant,

312 2236 387 2297 sicut
408 2236 438 2296 in
461 2237 527 2313 lege
548 2235 665 2312 Aquilia
685 2236 831 2296 damnum
853 2236 958 2296 iniuria
986 2236 1140 2315 arripitur,
1168 2239 1241 2297 alias
1262 2237 1401 2315 iniquitas

312 2328 341 2382 et
362 2321 517 2395 iniustitia,
545 2340 635 2398 quam
659 2320 761 2381 Graeci
784 2320 911 2383 ridentur
931 2329 1047 2384 vocant.
1084 2324 1256 2384 cumcuim
1282 2332 1402 2402 praetor

312 2407 358 2467 vel
379 2407 466 2467 iudex
489 2426 551 2467 non
574 2406 636 2468 iure
659 2411 874 2485 contraquam
897 2408 1077 2486 pronuntiat,
1100 2408 1237 2483 iniuriam
1253 2410 1401 2489 accepisse

278 2493 425 2555 ldicitur.
475 2489 617 2555 l*Iniuria
646 2500 746 2555 autem
775 2495 967 2556 committitur
997 2514 1059 2556 non
1091 2497 1204 2569 solum,
1237 2513 1306 2557 oum
1333 2496 1401 2573 quia

314 2576 431 2658 *pugno
453 2587 525 2657 puta
545 2587 598 2640 aut
618 2580 749 2641 fustibus
770 2599 875 2641 caesus
897 2582 944 2641 vel
965 2581 1054 2641 etiam
1076 2581 1246 2640 verberatus
1259 2581 1325 2653 erit,
1347 2582 1400 2643 sed

313 2662 416 2727 *etiam
439 2666 532 2726 sicui
554 2666 720 2727 candetum
742 2667 854 2727 factum
877 2666 976 2739 fuerit,
1007 2665 1068 2725 sive
1095 2664 1179 2725 cuius
1205 2666 1286 2730 bona
1314 2668 1400 2742 quasi

313 2747 501 2813 *debitorisffl
525 2770 663 2830 possessa
684 2750 793 2813 fuerint
816 2753 854 2812 ab
876 2769 922 2827 eo,
945 2751 995 2827 qui
1016 2749 1206 2828 intellegebat
1224 2745 1314 2810 *nihil
1327 2770 1398 2812 eum

314 2834 383 2898 *sibi
412 2838 531 2911 debere,
561 2838 607 2898 vel
635 2838 660 2898 si
688 2837 755 2915 quis
783 2837 820 2897 ad
849 2835 1003 2897 infamiam
1032 2836 1155 2896 alicuius
1184 2836 1317 2899 libellum
1345 2842 1398 2898 aut

313 2920 448 2985 *carmen
482 2919 643 3001 scripserit*
674 2922 873 3000 composuerit
900 2920 1022 2982 ediderit
1048 2921 1153 2982 dolove
1180 2924 1261 2983 malo
1288 2923 1399 2997 facerit,

311 3028 371 3086 quo
393 3009 463 3085 quid
485 3028 587 3069 eorum
611 3008 700 3083 fieret,
726 3006 801 3068 *sire
825 3006 892 3084 quis
912 3013 1040 3067 matrem
1061 3006 1188 3067 familias
1202 3015 1254 3068 aut
1269 3017 1400 3085 praetex-

314 3091 423 3155 *tatum
453 3100 701 3171 praetextatamve
728 3094 899 3154 adsectatus
924 3089 1036 3165 tuerit⁴‚
1064 3092 1125 3153 siva
1150 3092 1235 3154 ouius
1263 3095 1399 3172 pudicitia

312 3186 484 3257 attemptata
506 3198 572 3240 esse
592 3179 719 3241 dicetur:
752 3174 796 3241 *et
817 3178 944 3255 denique
965 3178 1030 3238 aliis
1052 3178 1186 3257 pluribus
1216 3177 1327 3241 modia⁴
1349 3179 1399 3244 ad·

278 3266 388 3327 amitti
409 3264 546 3325 iniuriam
569 3264 760 3325 manifestum
782 3272 836 3325 est.
884 3263 1017 3325 ‘Patitur
1043 3271 1142 3326 autam
1168 3266 1235 3343 quia
1261 3260 1399 3327 iniuriam

314 3348 390 3412 *non
413 3353 510 3413 solum
532 3370 584 3428 per
606 3357 699 3413 semet
720 3350 830 3427 ipsum,
852 3350 905 3410 aed
927 3350 1016 3411 etiam
1038 3370 1091 3429 per
1111 3352 1220 3413 liberos
1238 3371 1308 3412 auos
1323 3369 1399 3427 quoa

314 3432 359 3497 *in
381 3442 525 3513 potestate
546 3436 648 3497 habet:
683 3435 753 3497 item
776 3454 828 3515 per
849 3455 975 3498 uxorem
997 3436 1110 3512 auam⁴‚
1140 3438 1169 3499 id
1196 3436 1276 3499 enim
1301 3435 1399 3513 magia

312 3523 481 3599 praevaluit
520 3518 632 3599 *itaque
655 3522 680 3582 si
702 3522 778 3583 filiae
800 3522 937 3597 alicuius,
961 3543 1039 3601 quae
1061 3522 1139 3585 Titio
1160 3532 1255 3601 nupta
1275 3528 1333 3597 est,
1357 3522 1399 3581 in·

314 3603 433 3667 *iuriam
454 3608 566 3681 leceris,
591 3628 653 3669 non
676 3610 773 3669 solum
797 3608 1017 3670 tiliaemomine
1038 3617 1136 3671 tecum
1155 3609 1328 3669 iniuriarum
1350 3606 1401 3685 agi

313 3688 435 3771 *potest
466 3695 518 3755 sed
547 3694 635 3755 etiam
666 3697 757 3773 patris
783 3712 903 3772 quoque
930 3702 961 3755 et
986 3694 1084 3755 mariti
1111 3690 1258 3755 nomine.⁴
1296 3699 1401 3755 contra

311 3786 421 3853 autem,
439 3779 463 3839 si
484 3780 547 3841 viro
562 3780 667 3841 iniuria
682 3780 759 3842 tacta
773 3781 819 3855 ait,
835 3798 912 3841 uxor
925 3779 1099 3840 iniuriarum
1113 3798 1203 3857 agere
1216 3799 1279 3840 non
1290 3785 1400 3857 potesta

384 3914 459 3969 ¹aut
476 3933 554 3985 pecua
572 3919 636 3970 in..
646 3918 768 3984 praecip
770 3912 914 3983 .]BOPO,
932 3914 1082 3970 manau.
1158 3914 1228 3981 ¹01⁴.
1242 3910 1400 3981 1394,ὃῖ

314 3983 358 4047 37
420 3936 1170 4067 ⁸0fl0at.3,229..p2251)tq.47,1000a9,35⁴
1220 3982 1400 4035 ‚amineott

315 4056 332 4107 l
344 4054 411 4107 Mor
424 4052 449 4118 2,
459 4052 476 4107 5
494 4051 583 4123 (Paul.
596 4056 614 4107 l
625 4055 690 4121 einp.
703 4064 727 4106 et
738 4050 946 4122 trtdeaaamaa)
1007 4054 1018 4086 4
1037 4053 1098 4106 θαι
1109 4050 1135 4115 3
1196 4049 1264 4116 ,221
1329 4051 1403 4104 ‘de-

313 4118 416 4189 bitoris]
436 4094 505 4189 dat,
522 4124 580 4177 deb.
598 4125 643 4192 qui
660 4123 726 4177 nihil
744 4124 849 4177 deberet
866 4123 926 4175 titre·
