3309 4917
313 383 335 452 1,
345 386 415 440 2-4
752 391 960 491 ....⁸....
1110 415 1149 461 na
1165 417 1234 462 runs
1250 417 1399 464 neronam

313 562 398 640 origo
420 562 482 623 eius
504 563 542 624 ab
564 561 704 624 institutis
726 563 854 626 duarum
876 565 1049 641 civitatium,
1078 566 1264 631 Athenarum
1291 565 1399 634 seilicet

315 654 344 710 et
366 649 608 722 Lacedaemonis,
636 649 755 710 fluxisse
776 651 904 714 videtur:
939 652 970 713 in
996 652 1042 714 his
1072 655 1151 716 enim
1175 655 1338 719 civitatibus
1359 659 1399 720 ita

315 734 364 811 agi
386 733 505 795 solitum
527 742 598 809 erat,
621 740 654 795 ut
675 735 898 798 Lacedaemonii
921 738 1039 816 quidem
1062 741 1159 819 magis
1181 761 1224 817 ea,
1248 762 1324 820 quae
1346 761 1399 823 pro

313 819 430 898 legibus
446 822 645 896 observarent,
668 823 829 884 memoriae
843 825 1030 898 mandarent,
1054 827 1248 890 Athenienses
1263 849 1331 891 vero
1354 849 1398 904 aa,

313 906 443 983 quaein
464 907 582 986 legibus
603 907 712 985 scripta
733 910 989 987 reprehendissent
999 911 1019 986 ¹,
1044 913 1231 976 custodirent.

219 1010 234 1037 ο
262 994 296 1047 11
380 992 438 1054 Sed
461 994 607 1055 naturalia
620 994 738 1070 quidem
762 995 834 1070 iura,
858 1015 934 1074 quae
955 999 1034 1075 apud
1056 1018 1161 1061 omnes
1182 1007 1287 1078 gentes
1302 1020 1399 1080 perae·

313 1097 372 1156 que
404 1087 570 1153 servantur,
605 1080 703 1141 divina
729 1082 857 1158 quadam
884 1083 1064 1160 providentia
1093 1086 1251 1147 constituta
1283 1106 1401 1166 semper

313 1165 401 1226 firma
430 1171 518 1243 atque
543 1166 739 1228 immutabilia
766 1176 955 1247 permanent:
989 1189 1128 1250 cavero,
1157 1191 1233 1250 quae
1259 1173 1323 1252 ipsa
1345 1173 1400 1237 sihi

315 1270 449 1328 quaeque
477 1252 578 1313 civitas
599 1253 760 1328 constituit,
792 1273 880 1333 saepe
902 1257 1009 1316 mutari
1032 1259 1128 1320 solent
1150 1260 1193 1320 vel
1217 1259 1304 1321 tacito
1332 1278 1399 1321 cou-

315 1355 406 1397 sensu
428 1338 529 1416 populi
551 1339 595 1400 vel
617 1339 675 1400 alia
697 1348 800 1418 postea
821 1343 886 1416 lege
907 1343 975 1403 lata.

262 1423 296 1478 12
380 1418 514 1485 ²*Omne
535 1433 634 1486 autern
661 1425 720 1499 ius,
748 1444 807 1504 quo
829 1427 953 1502 utimur,
983 1429 1029 1488 vel
1051 1428 1088 1488 ad
1111 1449 1252 1508 personas
1275 1431 1400 1508 pertinet

315 1504 375 1570 *vel
403 1510 441 1570 ed
466 1530 514 1571 res
542 1513 586 1572 vel
614 1513 652 1572 ad
673 1512 815 1573 actiones.
846 1532 880 1574 ac
903 1514 983 1591 prius
1006 1515 1042 1574 de
1065 1516 1198 1592 personis
1220 1514 1397 1579 videamus*

313 1614 385 1655 nam
400 1615 506 1675 parum
528 1597 640 1658 estius
664 1617 761 1672 nosse,
784 1598 809 1658 si
824 1618 977 1676 personae,
1002 1620 1128 1677 quarum
1150 1621 1240 1664 causa
1255 1610 1399 1664 statutum

313 1687 366 1754 est,
389 1681 571 1758 ignorentur.

829 1839 887 1900 111³

639 1947 688 2003 ou
707 1905 795 2004 runo
811 1947 1073 2005 Pannonicum.

379 2067 540 2133 4*Summa
562 2069 709 2150 ‘itaque'⁶
731 2073 832 2134 divisio
866 2073 902 2134 de
934 2075 997 2135 iure
1024 2093 1219 2151 personarum
1249 2075 1323 2135 haec
1357 2080 1401 2137 est

280 2156 295 2209 1
316 2155 410 2234 'quod
432 2176 536 2218 omnes
558 2158 695 2219 homines
717 2166 768 2219 aut
789 2159 873 2219 liberi
896 2165 966 2219 sunt
988 2165 1038 2219 aut
1060 2155 1160 2220 servir*
1207 2157 1261 2220 “Et
1282 2161 1400 2222 libertas

315 2243 434 2320 quidem
463 2250 520 2316 est,
551 2263 587 2304 ex
614 2264 674 2322 qua
702 2245 790 2305 etiam
817 2244 901 2305 liberi
923 2251 1079 2317 vocantur,
1108 2245 1251 2306 naturalis
1278 2246 1401 2308 facultas

315 2329 377 2389 eius
392 2329 473 2406 quod
495 2329 599 2407 cuique
620 2331 716 2391 iacere
737 2331 817 2405 libet,
841 2330 897 2390 nisi
920 2329 1034 2407 siquid
1056 2337 1107 2391 aut
1128 2330 1156 2391 vi
1178 2339 1229 2392 aut
1250 2331 1313 2392 iure
1335 2352 1401 2410 pro·

279 2421 298 2474 2
315 2415 442 2476 hibetur.
479 2413 627 2477 ⁰servitus
649 2424 749 2479 autem
764 2424 808 2476 est
823 2416 991 2478 constitutio
1006 2417 1077 2476 iuris
1091 2417 1235 2494 gentium,
1260 2418 1399 2496 qusquis

279 2502 445 2563 3dominio
469 2501 563 2563 alieno
586 2508 688 2563 contra
710 2509 848 2562 naturam
871 2501 1021 2562 subicitur.
1062 2500 1162 2564 flServi
1184 2510 1283 2564 autem
1307 2523 1343 2563 ex
1366 2523 1401 2565 eo

314 2588 451 2664 appellati
473 2596 551 2662 sunt,
575 2588 654 2665 quod
676 2589 868 2666 imperatores
891 2587 1020 2666 captivos
1037 2588 1162 2648 vendere
1176 2587 1278 2649 iubent
1300 2608 1334 2650 ac
1349 2608 1402 2666 per

314 2673 373 2733 hoc
394 2692 512 2734 servare
534 2693 588 2735 nec
602 2674 734 2735 occidere
756 2674 861 2734 solent.
885 2675 937 2751 qui
958 2673 1046 2734 etiam
1069 2673 1216 2751 mancipia
1231 2673 1298 2734 dicti
1321 2682 1400 2750 sunt,

278 2759 395 2836 tquod
417 2760 455 2819 ab
470 2759 605 2822 hostibus
628 2780 719 2821 manu
742 2760 906 2837 capiuntur.
941 2759 1021 2820 Servi
1044 2766 1148 2839 autem,
1166 2765 1217 2819 aut
1239 2767 1402 2822 nascuntur

316 2852 367 2906 aut
381 2845 465 2906 fiunt.
488 2853 652 2907 nascuntur
673 2866 710 2906 ex
725 2845 838 2907 ancillis
860 2845 983 2906 nostris:
1007 2846 1082 2907 fiunt
1105 2851 1156 2905 aut
1177 2845 1239 2906 iure
1256 2846 1400 2924 gentium,

314 2931 345 2992 id
371 2938 416 2992 est
443 2952 480 2992 ex
507 2933 684 3012 captivitate,
715 2938 766 2993 aut
793 2931 856 2992 iure
882 2931 970 3005 civili,
1002 2951 1070 2993 cum
1093 2931 1184 2993 homo
1211 2931 1285 2993 liber
1306 2933 1402 2995 maior

314 3017 419 3096 viginti
441 3017 527 3078 aunis
549 3019 587 3080 ad
608 3020 734 3097 pretium
757 3018 991 3097 participandum
1013 3037 1078 3079 sese
1100 3019 1272 3080 venumdari
1295 3037 1401 3097 passus

280 3106 369 3163 test.
402 3104 433 3163 in
456 3123 608 3166 servorum
630 3104 802 3166 condicione
828 3106 910 3165 nulla
936 3104 1098 3166 differentia
1124 3103 1202 3165 eset
1246 3106 1281 3164 Iu
1304 3103 1401 3164 liberis

313 3190 426 3250 multae
447 3191 626 3252 differentiae
655 3198 734 3252 sunt.
771 3196 821 3251 aut
849 3190 929 3252 euim
952 3191 1074 3268 ingenui
1096 3196 1166 3250 sunt
1194 3197 1245 3250 aut
1265 3188 1401 3250 libertini.

831 3411 891 3472 IV⁸

732 3524 780 3579 ou
796 3521 983 3598 rucunura

379 3649 530 3727 Ingenuus
552 3648 577 3709 is
599 3656 656 3723 est,
679 3649 730 3725 qui
752 3646 852 3708 statim
874 3654 906 3708 ut
928 3654 1016 3708 natus
1039 3653 1083 3708 est
1104 3646 1177 3707 liber
1199 3654 1258 3720 est,
1282 3645 1342 3706 sive
1365 3665 1403 3706 ex

315 3734 432 3796 duobus
454 3735 592 3814 ingenuis
614 3734 802 3796 matrimonio
824 3733 933 3805 editus,
962 3733 1023 3794 sive
1045 3753 1083 3794 ex
1104 3732 1260 3808 libertinis,
1284 3732 1344 3794 sive
1367 3752 1403 3793 ex

386 3908 397 3971 ‚¹
418 3908 456 3958 aie
477 3906 538 3972 ΡΑ,
564 3906 724 3958 invenissent
744 3906 781 3970 B,
810 3905 1063 3972 comprehendissent
1084 3903 1136 3954 Pu
1220 3903 1231 3934 ²
1256 3903 1315 3955 cat.
1339 3898 1400 3967 1,8

317 3973 461 4045 ⁸0thp
476 3974 526 4040 1,5
596 3971 943 4041 *dai.1,9(Di9.1,5‚3)
1015 3972 1188 4039 ‘aicBDip
1201 3969 1233 4036 Θ,
1250 3973 1339 4038 itaque
1351 3988 1399 4023 om.

316 4042 375 4109 ΔΡ,
392 4047 539 4112 etquidem
555 4061 656 4096 summu
670 4043 729 4096 eat.
800 4044 845 4106 ’,ς
858 4041 917 4096 1..8
936 4061 966 4096 ec
984 4043 1058 4095 Fica.
1079 4041 1125 4095 ts
1143 4043 1201 4092 inat.
1220 4039 1291 4107 (92⁷9.
1305 4039 1327 4106 l,
1338 4039 1361 4104 5,
1371 4037 1399 4106 4)

317 4113 382 4166 'sic
400 4114 483 4182 BPE,
500 4115 589 4168 nullae
607 4115 765 4167 differentiae
783 4121 845 4167 sunt
861 4113 886 4163 A
958 4115 968 4145 ⁸
989 4112 1029 4180 Of.
1051 4111 1109 4163 aas.
1130 4108 1153 4176 l,
1169 4107 1198 4161 11
