3309 4917
271 482 495 528 nouarrorusus
800 465 842 526 49
1297 461 1363 527 11‚7

270 632 427 697 ‘collatum
451 644 509 708 est,
541 635 734 696 donatoribus
760 654 812 713 per
835 643 969 696 nostram
992 634 1254 696 constitutionem²
1275 635 1362 696 licen·

270 718 359 782 ‘tiam
382 721 595 800 praestavimus
618 722 704 781 certis
727 741 763 783 ex
786 722 884 782 causis
906 740 955 782 eas
979 739 1124 795 revocare,
1148 741 1195 794 ne,
1219 720 1270 798 qui
1292 741 1361 782 suas

270 803 335 869 ‘res
357 809 388 868 in
410 806 504 869 alios²
525 808 729 881 contulerunt,
753 809 790 867 ab
814 807 861 867 his
883 808 1033 884 quandam
1056 808 1204 885 patiantur
1225 807 1362 867 iniuriam

270 889 331 954 ‘vel
359 894 516 967 iacturam,
552 893 716 954 secundum
745 901 934 954 enumeratos
964 893 994 953 in
1026 901 1127 954 nostra
1155 893 1363 954 constitutione

270 974 403 1040 ‘modos
456 980 508 1040 Est
538 988 567 1039 et
596 979 675 1038 aliud
706 998 802 1056 genus
832 979 909 1040 inter
936 979 1017 1040 vivos
1046 980 1253 1053 donationum,
1283 979 1399 1056 quod3

272 1061 434 1126 ‘veteribus
458 1066 577 1142 quidem
600 1064 793 1142 prudentibus
815 1065 932 1142 penitus
955 1073 1017 1125 erat
1038 1065 1237 1143 incognitum,
1261 1072 1363 1143 postea

270 1146 387 1213 ‘autem
410 1172 427 1211 a
442 1151 606 1211 iunioribus
622 1150 695 1210 divis
711 1149 891 1228 principibus
905 1150 1105 1211 introductum
1121 1158 1175 1224 est,
1199 1152 1278 1228 quod
1293 1158 1363 1211 ante

271 1233 405 1315 ‘nuptias
434 1239 594 1298 vocabatur
620 1244 648 1296 et
678 1235 796 1297 tacitam
823 1236 855 1296 in
878 1256 910 1297 se
932 1236 1135 1297 condicionem
1158 1238 1300 1311 habebat,
1330 1246 1364 1297 ut

271 1319 358 1384 ‘tunc
373 1331 470 1383 ratum
485 1330 570 1395 esset,
587 1342 655 1382 curn
671 1321 896 1382 matrimonium
914 1319 1020 1382 fuerit³
1035 1321 1216 1384 insecutum:
1240 1323 1364 1399 ideoque

272 1405 356 1470 ‘ante
378 1409 495 1488 nuptias
517 1409 728 1486 appellabatur,
753 1408 833 1485 quod
858 1415 926 1468 ante
947 1406 1169 1468 matrimonium
1185 1408 1364 1468 efficiebatur

272 1490 317 1555 ‘et
339 1515 487 1572 nusquam
509 1503 576 1572 post
606 1494 724 1571 nuptias
754 1495 916 1554 celebratas
944 1493 1010 1553 talis
1038 1493 1156 1553 donatio
1179 1493 1362 1570 procedebat.

271 1576 339 1642 ‘sed
366 1581 479 1658 primus
506 1580 625 1657 quidem
651 1580 735 1640 divus
757 1580 886 1641 lustinus
913 1587 996 1657 pater
1023 1585 1138 1651 noster,
1166 1598 1234 1639 cum
1262 1579 1363 1656 augeri

271 1662 370 1727 ‘dotes
396 1674 518 1745 etpost
546 1664 663 1744 nuptias
689 1667 785 1726 iuerat
806 1665 1000 1743 permissum,
1033 1665 1057 1726 si
1085 1664 1155 1741 quid
1178 1666 1235 1725 tale
1257 1664 1362 1738 evenit,

272 1748 376 1814 ‘etiam
398 1761 467 1813 ante
485 1751 604 1830 nuptias
619 1752 809 1812 donationem
825 1752 928 1829 augeri
953 1760 982 1812 et
1004 1758 1159 1812 constante
1174 1750 1362 1812 matrimonio

271 1834 342 1900 ‘sua
370 1836 598 1899 constitutione⁴
623 1838 767 1915 permisit:
794 1838 847 1899 sed
876 1846 978 1897 tamen
1008 1856 1119 1898 nomen
1149 1837 1360 1898 inconveniens

273 1920 475 1996 ‘remanebat,
498 1943 567 1984 cum
589 1930 658 1983 ante
680 1924 797 2000 nuptias
819 1923 939 2000 quidem
962 1924 1129 1996 vocabatur,
1153 1931 1220 2000 post
1243 1923 1361 2001 nuptias

273 2004 388 2070 ‘autem
414 2011 472 2069 tale
498 2008 657 2086 accipiebat
682 2008 908 2069 incrementum.
952 2009 1004 2068 sed
1032 2028 1088 2069 nos
1116 2009 1287 2087 plenissimo
1309 2009 1362 2068 fini

272 2090 402 2156 ‘tradere
421 2094 589 2155 sanctiones
605 2093 754 2171 cupientes
776 2102 804 2156 et
826 2093 1038 2172 consequentia
1053 2095 1176 2156 nomina
1191 2097 1280 2156 rebus
1296 2114 1362 2156 esse

273 2176 440 2242 ‘studentes
455 2180 660 2242 constituimus
667 2178 689 2254 ⁶,
714 2188 746 2241 ut
766 2183 839 2241 tales
854 2180 1028 2242 donationes
1043 2201 1105 2242 non
1120 2189 1284 2259 augeantur
1298 2189 1361 2241 tan·

272 2262 362 2341 ‘tum,
387 2268 438 2327 sed
461 2275 490 2327 et
508 2273 663 2328 constante
677 2267 866 2328 matrimonio
881 2267 996 2328 initium
1013 2267 1157 2345 accipiant
1172 2276 1200 2329 et
1213 2287 1273 2329 non
1292 2275 1362 2328 ante

273 2347 417 2432 ‘nuptias
440 2354 491 2414 sed
513 2361 632 2431 propter
652 2353 771 2430 nuptias
793 2360 934 2414 vocentur
958 2361 986 2414 et
1009 2353 1126 2414 dotibus
1148 2353 1178 2413 in
1201 2354 1258 2415 hoo
1280 2373 1363 2414 exae-

272 2434 426 2517 ‘quentuq
450 2446 491 2512 ut,
515 2439 765 2516 quemadmodum
787 2440 871 2500 dotes
886 2446 914 2500 et
929 2446 1083 2499 constante
1098 2439 1286 2499 matrimonio
1301 2458 1362 2499 non

274 2520 388 2586 ‘solum
410 2533 568 2603 augentur,
592 2525 644 2585 sed
666 2525 754 2585 etiam
773 2525 856 2598 fiunt,
880 2525 920 2584 ita
943 2531 971 2585 et
992 2524 1065 2586 istae
1080 2524 1263 2598 donationes,
1287 2543 1363 2602 quae

273 2606 408 2690 ‘propter
430 2611 548 2690 nuptias
571 2610 754 2671 introductae
776 2618 854 2684 sunt,
878 2630 939 2671 non
963 2611 1060 2671 solum
1076 2611 1250 2671 antecedant
1265 2610 1363 2671 matri·

273 2693 434 2772 ‘monium‚
458 2697 614 2759 sedetiam
638 2716 673 2758 eo
688 2704 838 2757 contracto
862 2703 890 2757 et
912 2704 1078 2775 augeantur
1093 2704 1121 2758 et
1137 2697 1361 2758 constituantur.

339 2779 425 2844 ‘Erat
447 2784 517 2844 olim
545 2790 574 2843 et
600 2782 675 2843 alius
702 2783 809 2844 modus
832 2782 922 2842 civilis
947 2782 1151 2859 adquisitionis
1173 2803 1225 2860 per
1247 2782 1292 2844 ius
1315 2782 1400 2846 ad-4

273 2864 449 2939 ‘crescendi
473 2869 553 2945 quod
576 2875 620 2928 est
642 2870 715 2930 tale:
739 2869 764 2928 si
786 2887 977 2929 communem
995 2886 1113 2928 servum
1129 2868 1243 2928 habens
1258 2867 1365 2944 aliquis

273 2948 358 3014 ‘cum
382 2953 460 3014 Titio
484 2955 565 3013 solus
587 2953 752 3014 libertatem
780 2954 807 3012 ei
835 2953 976 3031 imposuit
997 2953 1042 3013 rel
1065 2953 1190 3012 vindicta
1213 2954 1258 3014 vel
1279 2960 1365 3013 testa-

273 3033 400 3112 ‘mento‚
424 3057 459 3098 eo
482 3057 552 3099 casu
576 3057 643 3115 pars
658 3039 722 3098 eius
737 3039 928 3099 emittebatur
943 3045 971 3099 et
987 3037 1065 3098 socio
1082 3038 1277 3099 adcrescebat.
1313 3039 1364 3100 sed

273 3119 358 3186 ‘cum
381 3124 510 3203 pessimo
537 3124 632 3185 fuerat
661 3123 818 3202 exemplo⁶
841 3131 869 3185 et
896 3125 1028 3185 libertate
1056 3143 1176 3186 servum
1198 3124 1364 3186 defraudari

273 3205 317 3272 ‘et
340 3230 377 3272 ex
400 3229 435 3271 ea
457 3210 682 3272 humanioribus
704 3210 824 3288 quidem
848 3210 976 3271 dominis
991 3210 1135 3271 damnum
1150 3211 1260 3284 inferri,
1285 3231 1363 3272 seve·

273 3290 415 3358 ‘rioribus
437 3304 536 3357 autem
558 3297 674 3358 lucrum
698 3297 880 3359 adcrescere:
909 3297 966 3358 hoc
988 3296 1071 3374 quasi
1094 3296 1219 3359 invidiae
1241 3299 1363 3375 plenum

272 3377 336 3462 ‘pio
358 3383 488 3445 remedio
515 3403 567 3461 per
589 3390 721 3444 nostram
746 3381 1006 3445 constitutionem⁷
1030 3383 1141 3444 mederi
1162 3383 1364 3445 necessarium

272 3463 427 3530 ‘duximus
449 3477 479 3530 et
496 3469 664 3531 invenimus
678 3470 767 3545 riam,
790 3490 843 3549 per
858 3489 947 3547 quam
965 3475 993 3531 et
1008 3469 1209 3530 manumissor
1224 3478 1252 3531 et
1267 3469 1364 3530 socius

273 3549 351 3616 ‘eius
374 3564 403 3617 et
425 3555 476 3633 qui
497 3555 663 3617 libertatem
685 3555 797 3634 aceepit
818 3564 920 3617 nostro
943 3557 1078 3617 fruantur
1101 3556 1256 3630 beneficio,
1279 3556 1364 3616 liber·

273 3635 439 3704 ‘tetecum
465 3642 570 3702 effectu
601 3642 777 3720 procedente
805 3642 902 3721 (cuius
932 3643 1032 3702 favore
1058 3648 1087 3703 et
1113 3642 1250 3720 antiquos
1278 3642 1363 3720 legis·

272 3725 398 3789 ‘latores
412 3728 508 3789 muita
522 3734 551 3788 et
566 3735 668 3790 eontra
683 3746 860 3789 communes
875 3729 994 3806 regulas
1010 3728 1147 3789 statuisse
1161 3728 1362 3789 manifestissi-

272 3810 375 3875 ‘mum
398 3816 454 3890 est)
478 3820 508 3874 et
529 3833 564 3875 eo
587 3811 660 3891 qui⁸
682 3833 749 3875 eam
768 3814 909 3892 imposuit
924 3833 996 3875 suae
1011 3814 1190 3875 liberalitatis
1206 3813 1363 3875 stabilitate

344 3967 430 4020 ²00d.
443 3964 468 4031 8,
477 3965 519 4029 55,
529 3966 563 4022 10
625 3967 684 4018 'ric
701 3964 756 4033 19,
772 3968 908 4020 alienosB
969 3967 1028 4018 ⁸oio
1046 3967 1073 4032 T,
1092 3966 1215 4020 ineratB
1274 3965 1361 4018 ‘doct

272 4033 298 4101 5,
307 4033 332 4100 3,
343 4035 375 4090 19
453 4037 465 4069 ⁸
485 4036 547 4089 ooo.
566 4036 591 4101 5,
605 4033 630 4102 3,
644 4034 679 4088 20
756 4036 821 4087 ‘aie
839 4036 928 4100 BWa,
955 4039 1094 4103 pessimum
1120 4039 1137 4087 f.
1165 4035 1282 4100 exemplo
1307 4033 1363 4098 Wb,

272 4107 413 4236 peqqirlnum
430 4108 449 4206 ξ.
460 4107 614 4240 ζζίἰωὲἰυω
631 4105 668 4170 Ε,
692 4102 819 4156 κάκιστον
842 4102 876 4172 ἦν
893 4110 969 4156 τοῦτο
986 4101 1151 4171 παράδειγμα
1172 4101 1197 4154 Θ
1268 4103 1278 4134 ⁷
1299 4101 1364 4157 Ood.

291 4212 298 4238 '
323 4272 443 4316 Iustiniani
455 4272 616 4316 Institutionos.
641 4273 729 4319 mut.
1139 4266 1156 4329 4
