3309 4917
329 428 441 495 1v‚4.5
845 433 905 492 144
1243 449 1283 494 na
1297 448 1420 495 armaris

331 601 518 665 *aestimatur
539 604 584 665 rel
613 622 649 665 ex
675 602 766 677 lacto,
795 603 883 664 velini
910 603 935 663 si
964 602 1030 680 quis
1059 602 1097 662 ab
1125 603 1224 680 aliquo
1245 602 1418 663 vulneratus

331 686 432 751 *fuerit
453 690 500 749 vel
521 689 647 751 fustibus
669 707 785 751 caesus:
810 688 855 749 vel
877 708 914 749 ex
935 690 1009 762 loco,
1032 689 1121 750 veluti
1142 688 1168 749 si
1190 688 1237 749 cui
1255 688 1286 750 in
1301 688 1418 770 theatro

331 773 392 837 *vel
415 775 445 835 in
468 776 531 837 foro
554 776 599 836 rel
621 775 650 835 in
675 782 833 853 conspectu
856 774 999 853 praetoris
1022 773 1127 834 iniuria
1149 774 1226 835 facta
1245 774 1298 836 sit:
1321 775 1366 834 vel
1381 794 1419 835 ax

259 882 261 887 ·
331 857 487 940 *persona
515 861 602 922 veluti
626 860 651 921 si
672 861 865 939 magistratus
887 860 1025 921 iniuriam
1047 878 1170 937 passsus
1191 858 1292 933 fuerit,
1320 860 1366 921 vel
1392 860 1418 921 si

331 943 476 1009 *senatori
498 948 535 1007 ab
558 946 663 1008 humili
686 946 792 1008 iniuria
817 947 894 1007 iacta
920 942 988 1021 sit,⁴
1016 951 1068 1007 aut
1094 946 1209 1024 parenti
1233 952 1419 1023 patronoque

330 1034 381 1095 liat
403 1054 421 1094 a
443 1031 542 1094 liberis
564 1035 611 1093 vel
632 1033 758 1094 libertis:
788 1032 872 1093 aliter
892 1032 973 1092 enim
995 1032 1140 1094 senatoris
1161 1038 1191 1093 et
1212 1032 1342 1109 parentis
1369 1051 1418 1110 pa·

330 1118 476 1196 tronique,
499 1119 582 1181 aliter
604 1119 735 1181 extranei
757 1126 786 1181 et
807 1118 929 1179 humilis
951 1137 1095 1196 personae
1115 1117 1222 1178 iniuria
1235 1118 1416 1180 aestimatur.

205 1250 209 1259 .
330 1222 559 1282 nonnumquam
581 1212 610 1266 et
631 1206 714 1266 locus
736 1204 866 1265 vulneris
887 1211 1017 1265 atrocem
1035 1203 1174 1268 iniuriam
1188 1203 1266 1277 iacit,
1290 1204 1378 1265 veluti
1392 1203 1418 1264 si

330 1290 361 1351 in
385 1292 470 1352 oculo
493 1290 559 1369 quis
581 1310 737 1369 percussus
759 1290 796 1351 sit
805 1289 826 1351 ¹.
862 1287 963 1367 ²parri
985 1297 1085 1351 autem
1106 1289 1203 1363 refert,
1226 1296 1326 1350 utrum
1341 1290 1418 1367 patri

331 1377 457 1437 familias
479 1396 518 1437 an
544 1378 603 1438 filio
630 1377 756 1437 familias
783 1373 849 1437 talis
874 1375 980 1436 iniuria
1004 1376 1080 1437 lacta
1108 1375 1161 1437 sit:
1192 1394 1263 1435 nam
1289 1382 1319 1437 et
1344 1376 1418 1437 haec

281 1469 314 1526 10
331 1470 416 1524 atrox
438 1462 648 1525 aestimabitur.
694 1464 726 1523 ln
750 1481 870 1523 summa
891 1461 1044 1523 sciendum
1071 1467 1116 1522 est
1141 1461 1178 1522 de
1205 1461 1286 1521 omni
1312 1461 1418 1524 iniuria

330 1569 399 1611 eum
426 1548 477 1625 qui
503 1568 609 1627 pessus
636 1556 680 1609 est
706 1568 794 1626 posse
821 1549 867 1609 vel
892 1547 1083 1608 criminaliter
1109 1566 1197 1625 agere
1219 1548 1265 1607 vel
1286 1546 1416 1608 civiliter.

330 1642 358 1697 et
381 1634 405 1695 si
428 1634 546 1712 quidem
570 1633 688 1696 civiliter
709 1640 822 1712 agatur,
847 1633 1050 1694 aestimatione
1068 1632 1146 1693 faeta
1160 1634 1323 1694 secundum
1338 1633 1417 1709 quod

330 1721 442 1781 dietum
471 1727 515 1781 est
544 1740 640 1799 poena
670 1720 840 1799 imponitur.
885 1719 931 1779 sin
960 1726 1060 1779 autem
1087 1718 1290 1791 criminaliter,
1320 1719 1417 1779 officio

330 1806 433 1867 iudicis
456 1806 685 1867 extraordinaria
707 1824 804 1885 poena
825 1824 876 1866 reo
897 1805 1060 1883 irrogatur:
1087 1800 1160 1866 <hoc
1174 1804 1304 1866 videlicet
1319 1806 1417 1866 obser·

330 1887 452 1967 bando,
476 1892 555 1970 quod
570 1894 742 1953 Zenoniana
764 1889 954 1953 constitutio8
976 1890 1146 1965 introduxit,
1169 1897 1203 1951 ut
1217 1888 1269 1951 riri
1287 1890 1417 1951 illustres

327 1972 455 2056 .⁴quique
483 1998 573 2058 supra
599 1998 650 2040 eos
678 1984 748 2039 sunt
775 1985 804 2039 et
829 1997 883 2056 per
903 1982 1107 2055 procuratores
1128 1976 1243 2054 possint
1270 1976 1417 2038 actionem

330 2059 519 2126 ‘iniuriarum
542 2064 730 2126 criminaliter
745 2064 789 2125 vel
803 2063 939 2141 persequi
953 2065 998 2124 vel
1013 2063 1161 2141 suscipere
1176 2064 1340 2123 seeundum
1355 2063 1418 2124 eiu's

281 2155 311 2211 11
331 2146 490 2223 tenorem,
513 2151 563 2228 qui
584 2171 622 2212 ex
643 2150 707 2228 ipsa
723 2150 906 2209 manifestius
920 2144 1066 2227 apparet’.
1104 2147 1190 2211 ‘Non
1205 2150 1303 2210 solum
1318 2156 1418 2210 autem

331 2236 356 2296 is
377 2235 550 2296 iniuriarum
573 2242 690 2297 tenetur
711 2235 761 2313 qui
783 2234 852 2295 lecit
873 2234 1020 2307 iniuriam,
1043 2234 1101 2295 hoc
1122 2242 1167 2296 est
1189 2235 1240 2312 qui
1259 2234 1416 2313 percussit:

330 2340 433 2383 verum
456 2322 505 2381 ille
526 2338 644 2399 quoque
665 2320 878 2394 continebitur,
906 2321 957 2398 qui
978 2321 1046 2381 dolo
1068 2320 1135 2381 iecit
1157 2321 1202 2381 vel
1223 2321 1273 2397 qui
1295 2320 1416 2394 curarit,

280 2412 313 2467 12
331 2412 364 2468 ut
393 2406 440 2468 eui
468 2408 547 2468 mala
576 2427 678 2487 pugno
708 2413 918 2486 percuteretur.
969 2406 1051 2467 Haec
1079 2406 1156 2467 actio
1186 2406 1417 2468 dissimulatione

331 2494 477 2555 aboletur:
501 2501 530 2557 et
551 2494 630 2569 ideo,
654 2494 679 2554 si
702 2493 768 2572 quis
789 2492 927 2554 iniuriam
949 2492 1149 2569 dereliquerit,
1172 2493 1229 2553 hoc
1252 2500 1297 2555 est
1318 2493 1417 2553 statim

330 2598 437 2657 passus
459 2580 497 2641 ad
519 2580 652 2642 animum
676 2598 764 2641 suum
783 2599 846 2641 non
862 2579 1047 2653 revocaverit,
1070 2585 1174 2655 postea
1187 2597 1225 2638 ex
1239 2578 1418 2655 paenitentia

330 2668 487 2727 remissam
509 2666 646 2728 iniuriam
670 2685 731 2727 non
754 2666 860 2743 poterit
882 2666 1017 2728 recolere.

882 2837 894 2877 s

439 2936 489 2993 DE
506 2934 819 2993 OBLIGATIONIBUS
839 2837 938 2998 Qlssffl
956 2935 1066 2999 QUASI
1083 2934 1133 2989 EX
1150 2934 1307 2991 austero

755 3020 987 3077 NASCUNTUR.

399 3130 448 3192 ⁸Si
470 3130 557 3191 iudex
579 3130 659 3191 litem
683 3148 769 3191 suam
791 3130 901 3204 lecerit,
924 3148 985 3189 non
1006 3127 1122 3207 proprie
1136 3147 1173 3188 ex
1187 3126 1331 3189 maleficio
1348 3124 1417 3188 obli·

330 3226 419 3297 gatus
441 3217 562 3277 ridetur.
601 3216 652 3276 sed
672 3216 744 3292 quia
773 3235 871 3293 neque
898 3235 935 3277 ex
962 3221 1113 3274 contractu
1141 3214 1289 3291 obligatus
1316 3219 1360 3273 est
1388 3215 1417 3269 et

330 3304 431 3381 utique
452 3320 589 3381 peccasse
603 3300 712 3378 aliquid
728 3301 915 3379 intellegitur,
937 3300 1004 3361 licet
1018 3319 1070 3378 per
1085 3298 1329 3377 imprudentiam:
1351 3295 1416 3354 ideo

330 3388 443 3449 ridetur
472 3388 555 3465 quasi
584 3403 620 3449 ex
648 3387 792 3447 maleficio
820 3386 925 3460 teneri,
953 3380 996 3447 ‘et
1024 3386 1053 3445 in
1083 3391 1229 3462 qnantum
1256 3382 1293 3441 de
1320 3400 1356 3441 ea
1385 3399 1418 3440 re

297 3478 311 3533 1
331 3491 459 3549 aequum
472 3472 607 3552 ¹religioni
622 3472 776 3534 iudicantis
792 3472 943 3545 videbitur,
966 3490 1093 3549 poenam
1109 3461 1288 3529 sustinebit'.
1325 3464 1417 3527 ‘item

329 3556 365 3633 is,
388 3578 426 3619 ex
447 3559 530 3620 cuins
552 3559 691 3620 cenaculo
713 3560 759 3619 vel
781 3558 899 3637 proprio
921 3556 1013 3634 ipsius
1032 3556 1075 3615 vel
1092 3554 1236 3616 conducto
1252 3552 1417 3630 relinquo

328 3644 421 3723 gratis
449 3643 602 3705 habitabat
624 3644 769 3705 deiectum
792 3645 955 3705 effusumve
982 3641 1092 3719 aliquid
1117 3644 1175 3715 est,
1205 3637 1245 3701 ita
1271 3644 1305 3699 ut
1331 3638 1418 3699 alicui

328 3737 492 3804 noceretur,
515 3730 601 3807 quasi
623 3750 660 3792 ex
682 3730 825 3791 maleficio
848 3729 996 3807 obligatus
1018 3725 1208 3803 intellegitur:
1231 3726 1297 3786 ideo
1318 3732 1417 3793 autem

327 3835 390 3878 non
411 3816 528 3895 proprie
549 3836 585 3879 ex
608 3816 751 3877 maleficio
774 3815 923 3893 obligatus
945 3813 1130 3891 intellegitur,
1153 3811 1222 3889 quia
1244 3810 1418 3891 plerumque

402 3952 465 4005 ¹sic
482 3949 543 4021 ΑΘ,
561 3955 688 4022 percussit
704 3952 754 4005 Bo
817 3950 890 4014 ¹59
902 3953 952 4017 jin.
965 3950 1056 4001 amilio
1073 3946 1186 4017 matt,
1196 3946 1263 4013 10‚9
1280 3946 1324 4009 §2
1341 3943 1416 4014 (Uip.

330 4018 519 4092 butades)
591 4018 813 4084 *comeatu
882 4013 1415 4086 ‘511.12e21>tp.4t‚1o,11pr.51

330 4088 605 4160 (apletium.)
667 4086 1058 4157 ιθ’ί.1)ἰ9.9,3;4,9;47,5
1120 4085 1417 4161 ‘pr.§lic.eetioi.

331 4158 448 4214 ΗΜ.
466 4170 522 4214 cott.
541 4156 836 4229 (Dp.44‚t‚5§4.5;
854 4156 986 4224 50,13,6)
