3309 4917
836 441 875 502 14

831 627 878 689 X²

740 727 788 783 DE
805 726 965 783 NUPTHS.

374 837 470 898 iustas
492 843 591 898 autem
606 837 724 914 nuptias
746 835 821 897 inter
844 854 877 896 se
900 834 976 896 cives
990 833 1119 895 Romani
1134 833 1323 910 contrahunt,
1347 836 1398 913 qui

308 924 475 1072 {erundum
497 929 658 1070 tpraecepta
673 921 785 1068 tlegtum
812 929 921 1020 coeunt
929 921 1237 1069 ‚trmasfculiirquidemt
1262 923 1396 1070 puberfiels,

321 1029 437 1071 emmae
458 1028 497 1069 au
526 1028 558 1069 m
581 1028 632 1069 vrn
654 1026 766 1068 oenes
810 1027 871 1068 sive
920 1027 937 1067 a
965 1027 996 1070 es
1035 1026 1084 1068 am
1108 1027 1150 1068 ras
1178 1027 1224 1068 s1n
1265 1027 1326 1071 srve
1380 1029 1398 1070 n

309 1095 449 1170 familias,
477 1096 549 1155 dum
576 1028 678 1155 tamldn
706 1093 756 1154 filii
772 1027 919 1154 ’familiasp
936 1099 964 1155 et
990 1113 1169 1154 consensum
1197 1094 1327 1156 habeant
1348 1115 1396 1174 pa·

309 1188 441 1256 rentum,
472 1199 599 1259 quorum
627 1179 658 1240 in
685 1187 827 1259 potestate
853 1187 931 1241 sunt.
969 1199 1039 1240 nam
1068 1181 1125 1241 hoc
1151 1179 1213 1240 fieri
1241 1181 1347 1244 debere
1369 1188 1398 1244 et

310 1267 401 1329 civilis
423 1274 453 1328 et
474 1267 617 1328 naturalis
638 1266 712 1327 ratio
735 1265 839 1328 suadet
864 1265 1049 1338 intantum,
1077 1272 1110 1326 ut
1131 1265 1246 1328 iussum
1268 1268 1396 1345 parentis

309 1354 482 1432 praecedere
504 1353 617 1414 debeat.
650 1353 730 1413 unde
751 1353 918 1430 quaesitum
941 1358 994 1424 est,
1019 1371 1057 1414 an
1079 1351 1181 1414 furiosi
1204 1352 1263 1413 filia
1286 1354 1396 1414 nubere

309 1447 360 1500 aut
389 1439 491 1501 furiosi
520 1439 596 1499 iilius
624 1458 747 1500 uxorem
775 1439 882 1498 ducere
910 1438 1021 1515 possit?
1056 1432 1199 1516 ‘cumque
1226 1458 1313 1516 super
1338 1440 1396 1500 filio

308 1520 504 1599 ‘variabatun
538 1531 639 1585 nostra
665 1527 806 1601 processit
833 1521 969 1598 decisiot,
1002 1542 1061 1601 qua
1088 1525 1266 1602 permissum
1293 1533 1337 1586 est
1359 1526 1396 1586 ad

309 1608 494 1690 <exemplum
524 1610 601 1671 filiae
629 1610 730 1670 furiosi
762 1610 856 1670 filium
889 1629 1007 1687 quoque
1038 1629 1125 1689 posse
1157 1617 1186 1670 et
1215 1611 1279 1672 sine
1306 1613 1396 1690 patris

309 1694 490 1758 ‘interventu
504 1695 729 1757 matrimonium
751 1695 806 1756 sibi
829 1696 966 1774 copulare
981 1696 1144 1757 secundum
1160 1697 1261 1758 datum
1277 1717 1314 1758 ex
1329 1718 1395 1760 con·

310 1779 476 1844 ‘stitutione
499 1777 647 1844 modum.>
976 1853 978 1858 ,

273 1869 289 1922 l
376 1865 489 1948 ³*Ergo
517 1886 579 1929 non
606 1887 711 1930 omnes
739 1866 825 1928 nobis
853 1886 960 1929 uxores
986 1869 1092 1930 ducem
1119 1866 1199 1930 licet:
1229 1888 1300 1930 nam
1327 1889 1396 1947 qua·

311 1951 452 2017 *rundam
475 1954 584 2035 nuptiis
606 1953 815 2016 abstinendum
838 1953 914 2016 est4.
953 1954 1029 2016 inter
1056 1973 1105 2016 eas
1134 1955 1211 2014 euim
1244 1975 1394 2033 personas,

311 2037 402 2120 *quae
424 2049 580 2119 parentum
602 2042 797 2102 liberorumve
825 2041 924 2103 locum
951 2041 1026 2102 inter
1048 2059 1080 2102 se
1101 2041 1247 2118 optinent,
1276 2043 1395 2120 nuptiae

298 2123 460 2188 .*contrahi
475 2147 536 2188 non
552 2134 685 2206 possunt,
709 2126 797 2186 veluti
819 2126 895 2187 inter
910 2134 1024 2204 patrem
1047 2134 1076 2187 et
1097 2126 1188 2187 filiam
1203 2129 1247 2188 vel
1263 2147 1350 2188 avum
1366 2136 1395 2189 et

308 2209 445 2291 ‘neptem
467 2215 513 2274 vel
532 2220 659 2276 matrem
681 2218 709 2272 et
731 2211 823 2271 filium
846 2207 905 2273 ‘vel
928 2211 1023 2272 aviam
1047 2219 1075 2273 et
1097 2220 1235 2290 nepotem
1258 2221 1285 2274 et
1301 2234 1394 2292 usque

308 2298 361 2361 *ad
385 2295 547 2361 infinitum>
555 2321 562 2360 ι
592 2305 620 2359 et
649 2298 674 2358 si
696 2298 768 2358 tales
795 2316 939 2374 personae
961 2298 1036 2358 inter
1058 2318 1090 2360 se
1112 2298 1242 2374 coierint,
1267 2301 1394 2360 nefarias

211 2420 214 2424 ⁴
308 2383 412 2463 *atque
438 2385 563 2446 incestas
591 2383 709 2463 nuptias
732 2383 913 2444 contraxisse
934 2384 1079 2446 dicuntur.
1115 2392 1143 2447 et
1165 2385 1238 2446 haec
1260 2387 1332 2448 adeo
1355 2387 1395 2448 ita

308 2469 405 2546 *sunt
428 2479 470 2544 ut,
495 2470 630 2548 quamvis
651 2489 704 2548 per
725 2469 912 2546 adoptionem
935 2478 1091 2548 parentum
1113 2471 1310 2533 liberorumve
1328 2474 1394 2534 loco

308 2555 381 2616 *sibi
410 2576 475 2617 esse
501 2557 662 2634 coeperint,
691 2574 753 2615 non
781 2553 915 2632 possint⁵
942 2557 1019 2617 inter
1048 2576 1080 2617 se
1102 2557 1290 2618 matrimonio
1312 2557 1395 2636 iungi

310 2641 356 2703 *in
375 2648 501 2715 tantum,
525 2649 558 2703 ut
572 2643 660 2703 etiam
677 2640 818 2700 dissoluta
834 2641 990 2718 adoptione
1004 2642 1082 2702 idem
1097 2642 1167 2702 iuris
1189 2651 1322 2706 maneat:
1346 2645 1395 2704 ita-

310 2726 383 2805 *que
404 2747 481 2800 eam,
505 2746 581 2803 quae
596 2727 648 2787 tibi
663 2745 714 2803 per
728 2726 916 2804 adoptionem
932 2728 990 2788 filia
1004 2735 1056 2788 aut
1071 2727 1165 2804 neptis
1181 2747 1244 2788 esse
1259 2731 1394 2806 coeperit,

311 2812 387 2876 *non
409 2813 516 2891 poteris
538 2832 661 2873 uxorem
684 2812 798 2885 ducere,
822 2813 954 2889 quamvis
978 2831 1043 2874 eam
1066 2813 1304 2890 emancipaveris.

272 2906 291 2960 2
376 2897 490 2961 ³*inter
517 2918 568 2959 eas
599 2918 716 2976 quoque
746 2917 903 2978 personas,
938 2918 1013 2976 quae
1042 2917 1079 2960 ex
1107 2907 1274 2961 transverso
1304 2899 1395 2978 gradu

311 2984 534 3065 *cognationist
555 2985 734 3063 iunguntur,
763 2992 806 3046 est
834 2986 978 3062 quaedam
1006 2985 1110 3047 similis
1137 2985 1316 3060 observatio,
1345 2985 1395 3046 sed

311 3071 388 3133 ‘non
419 3078 511 3133 tanta.
558 3091 632 3132 sane
665 3069 764 3132 enim⁷
794 3070 871 3132 inter
901 3073 1022 3133 fratrem
1054 3091 1245 3149 sororemque
1276 3070 1396 3148 nuptiae

278 3190 282 3195 ·
312 3157 490 3236 *prohibitae
517 3163 599 3231 sunt,
630 3157 690 3218 sive
712 3153 780 3217 ‘ab'
804 3159 907 3219 eodem
931 3165 1013 3236 patre
1035 3159 1197 3234 eademque
1218 3163 1312 3216 matre
1335 3153 1396 3213 nati

310 3241 443 3319 *fuerint
466 3243 526 3304 sive
547 3239 614 3304 ‘ex'
638 3245 776 3304 alterutro
791 3263 904 3304 eorum.
940 3243 1012 3303 sed⁸
1029 3243 1053 3303 si
1068 3261 1126 3319 qua
1141 3241 1193 3320 per
1208 3241 1396 3318 adoptionem

312 3329 411 3391 *soror
431 3328 484 3390 tibi
506 3349 571 3391 esse
593 3329 728 3407 coeperit,
752 3329 892 3406 quamdiu
909 3328 1028 3406 quidem
1044 3332 1158 3388 constat
1174 3326 1300 3407 adoptio,
1325 3337 1397 3388 sane

312 3414 400 3477 *inter
427 3424 457 3477 te
485 3424 513 3477 et
541 3436 607 3476 eam
635 3414 755 3492 nuptiae
782 3414 941 3475 consistere
968 3434 1028 3475 non
1055 3421 1193 3492 possunt:
1229 3433 1297 3474 oum
1327 3431 1396 3474 vero

310 3502 379 3580 ‘per
400 3502 666 3580 emancipationem
688 3501 804 3578 adoptio
827 3499 969 3574 dissoluta
990 3501 1035 3575 sit,
1060 3500 1168 3578 poteris
1192 3520 1258 3561 eam
1272 3518 1395 3561 uxorem

312 3587 445 3650 'duceret
469 3589 521 3648 sed
543 3594 572 3648 et
594 3587 618 3648 si
640 3594 673 3648 tu
695 3587 897 3665 emancipatus
916 3586 1015 3661 fueris,
1039 3586 1111 3647 nihil
1127 3593 1171 3648 est
1186 3585 1396 3664 impedimento

310 3668 461 3753 *nuptiis*
504 3681 533 3734 et
561 3673 626 3734 ideo
655 3680 784 3747 constat,
821 3674 846 3732 si
876 3673 942 3750 quis
974 3692 1117 3751 generum
1149 3673 1288 3751 adoptare
1319 3672 1410 3744 velit,

310 3761 417 3821 debere
450 3779 519 3820 eum
552 3766 620 3820 ante
653 3759 742 3819 filiam
773 3777 859 3820 suam
889 3758 1089 3837 emancipare:
1125 3764 1153 3820 et
1181 3759 1205 3819 si
1237 3759 1303 3836 quis
1331 3756 1398 3818 velit

274 3861 421 3917 arturum
444 3846 592 3924 adoptare,
615 3845 722 3906 debere
743 3865 812 3906 eum
835 3853 904 3906 ante
926 3844 1018 3905 [ilium
1038 3845 1232 3924 emancipare.
1272 3841 1397 3904 ‘Fratris

382 3984 392 4014 ¹
411 3983 452 4050 Of
469 3978 826 4049 oai.1,56..651>2'9.23,2
841 3979 962 4046 count
1033 3981 1044 4012 ²
1064 3981 1125 4033 uod.
1138 3979 1162 4048 5,
1173 3980 1197 4048 4,
1208 3979 1242 4050 25
1307 3980 1318 4011 ³
1338 3979 1397 4034 dot.

312 4050 449 4118 1,58..61
530 4051 542 4083 ⁴
559 4052 595 4102 sic
617 4051 705 4117 BPE,
729 4052 859 4104 abstinero
883 4052 1005 4102 debemus
1024 4050 1049 4100 A
1067 4051 1127 4102 Gai.
1202 4051 1213 4082 ⁶
1230 4047 1339 4116 possint]
1364 4047 1398 4110 A,

310 4120 559 4254 &ggt'lntwgigttffi
618 4120 628 4151 ⁸
646 4123 799 4188 cognatione
814 4121 870 4172 uas.
938 4121 1028 4172 ⁷enim
1042 4137 1090 4171 om.
1106 4120 1162 4171 dai.
1230 4115 1307 4185 8sed]
1321 4114 1398 4169 ΑΡΘ
