<?xml version="1.0" encoding="UTF-8"?>
<!DOCTYPE html PUBLIC "-//W3C//DTD XHTML 1.0 Transitional//EN"
    "http://www.w3.org/TR/xhtml1/DTD/xhtml1-transitional.dtd">
<html xmlns="http://www.w3.org/1999/xhtml" xml:lang="en" lang="en">
 <head>
  <title>
</title>
<meta http-equiv="Content-Type" content="text/html;charset=utf-8" />
  <meta name='ocr-system' content='tesseract 3.04.00' />
  <meta name='ocr-capabilities' content='ocr_page ocr_carea ocr_par ocr_line ocrx_word'/>
</head>
<body>
  <div class='ocr_page' id='page_1' title='image "./iustinianiinsti00kruegoog_0161.png"; bbox 0 0 3309 4917; ppageno 0'>
   <div class='ocr_carea' id='block_1_1' title="bbox 240 455 1332 525">
    <p class='ocr_par' dir='ltr' id='par_1_1' title="bbox 240 455 1332 525">
     <span class='ocr_line' id='line_1_1' title="bbox 240 455 1332 525; baseline -0.013 -1"><span class='ocrx_word' id='word_1_1' title='bbox 240 479 418 525; x_wconf 76' lang='lat' dir='ltr'>nemorosus</span> <span class='ocrx_word' id='word_1_2' title='bbox 758 462 817 522; x_wconf 83' lang='lat'>149</span> <span class='ocrx_word' id='word_1_3' title='bbox 1255 455 1332 524; x_wconf 87' lang='lat' dir='ltr'>IV,6</span> 
     </span>
    </p>
   </div>
   <div class='ocr_carea' id='block_1_2' title="bbox 685 546 893 557">
    <p class='ocr_par' dir='ltr' id='par_1_2' title="bbox 685 546 893 557">
     <span class='ocr_line' id='line_1_2' title="bbox 685 546 893 557; baseline -0.005 -1"><span class='ocrx_word' id='word_1_4' title='bbox 685 546 893 557; x_wconf 75' lang='lat'><strong>——-.—</strong></span> 
     </span>
    </p>
   </div>
   <div class='ocr_carea' id='block_1_3' title="bbox 225 631 1391 4063">
    <p class='ocr_par' dir='ltr' id='par_1_3' title="bbox 242 631 1385 2343">
     <span class='ocr_line' id='line_1_3' title="bbox 244 631 1334 711; baseline -0.003 -17"><span class='ocrx_word' id='word_1_5' title='bbox 244 633 379 711; x_wconf 89' lang='lat' dir='ltr'>quendae</span> <span class='ocrx_word' id='word_1_6' title='bbox 401 651 491 693; x_wconf 89' lang='lat' dir='ltr'>causa</span> <span class='ocrx_word' id='word_1_7' title='bbox 514 638 701 709; x_wconf 81' lang='lat' dir='ltr'>comparatae</span> <span class='ocrx_word' id='word_1_8' title='bbox 722 639 806 705; x_wconf 91' lang='lat' dir='ltr'>sunt,</span> <span class='ocrx_word' id='word_1_9' title='bbox 836 632 910 693; x_wconf 89' lang='lat' dir='ltr'>aliae</span> <span class='ocrx_word' id='word_1_10' title='bbox 939 638 1001 693; x_wconf 85' lang='lat' dir='ltr'>tam</span> <span class='ocrx_word' id='word_1_11' title='bbox 1031 652 1144 710; x_wconf 89' lang='lat' dir='ltr'>poenae</span> <span class='ocrx_word' id='word_1_12' title='bbox 1171 651 1261 709; x_wconf 90' lang='lat' dir='ltr'>quam</span> <span class='ocrx_word' id='word_1_13' title='bbox 1291 631 1334 691; x_wconf 91' lang='lat' dir='ltr'>rei</span> 
     </span>
     <span class='ocr_line' id='line_1_4' title="bbox 243 717 1334 796; baseline -0.003 -16"><span class='ocrx_word' id='word_1_14' title='bbox 243 719 462 796; x_wconf 81' lang='lat' dir='ltr'>persequendae</span> <span class='ocrx_word' id='word_1_15' title='bbox 485 724 513 778; x_wconf 88' lang='lat' dir='ltr'>et</span> <span class='ocrx_word' id='word_1_16' title='bbox 535 718 573 777; x_wconf 93' lang='lat' dir='ltr'>ob</span> <span class='ocrx_word' id='word_1_17' title='bbox 596 717 625 778; x_wconf 91' lang='lat' dir='ltr'>id</span> <span class='ocrx_word' id='word_1_18' title='bbox 640 717 749 778; x_wconf 81' lang='lat' dir='ltr'>mixtae</span> <span class='ocrx_word' id='word_1_19' title='bbox 765 727 843 779; x_wconf 90' lang='lat' dir='ltr'>sunt.</span> <span class='ocrx_word' id='word_1_20' title='bbox 874 737 1003 795; x_wconf 90' lang='lat' dir='ltr'>poenam</span> <span class='ocrx_word' id='word_1_21' title='bbox 1017 725 1132 779; x_wconf 89' lang='lat' dir='ltr'>tantum</span> <span class='ocrx_word' id='word_1_22' title='bbox 1148 718 1334 795; x_wconf 83' lang='lat' dir='ltr'>persequitur</span> 
     </span>
     <span class='ocr_line' id='line_1_5' title="bbox 242 803 1333 882; baseline -0.001 -17"><span class='ocrx_word' id='word_1_23' title='bbox 242 806 308 882; x_wconf 90' lang='lat' dir='ltr'>quis</span> <span class='ocrx_word' id='word_1_24' title='bbox 330 804 445 867; x_wconf 90' lang='lat' dir='ltr'>actione</span> <span class='ocrx_word' id='word_1_25' title='bbox 466 803 549 865; x_wconf 90' lang='lat' dir='ltr'>furti:</span> <span class='ocrx_word' id='word_1_26' title='bbox 580 803 640 864; x_wconf 88' lang='lat' dir='ltr'>sive</span> <span class='ocrx_word' id='word_1_27' title='bbox 668 804 747 864; x_wconf 87' lang='lat' dir='ltr'>enim</span> <span class='ocrx_word' id='word_1_28' title='bbox 779 804 927 865; x_wconf 86' lang='lat' dir='ltr'>manifesti</span> <span class='ocrx_word' id='word_1_29' title='bbox 956 809 1062 881; x_wconf 81' lang='lat' dir='ltr'>agatur</span> <span class='ocrx_word' id='word_1_30' title='bbox 1089 804 1246 881; x_wconf 89' lang='lat' dir='ltr'>quadrupli</span> <span class='ocrx_word' id='word_1_31' title='bbox 1273 804 1333 864; x_wconf 89' lang='lat' dir='ltr'>sive</span> 
     </span>
     <span class='ocr_line' id='line_1_6' title="bbox 242 889 1332 969; baseline -0.003 -17"><span class='ocrx_word' id='word_1_32' title='bbox 242 910 298 952; x_wconf 91' lang='lat' dir='ltr'>nec</span> <span class='ocrx_word' id='word_1_33' title='bbox 319 889 466 951; x_wconf 86' lang='lat' dir='ltr'>manifesti</span> <span class='ocrx_word' id='word_1_34' title='bbox 498 889 591 967; x_wconf 89' lang='lat' dir='ltr'>dupli,</span> <span class='ocrx_word' id='word_1_35' title='bbox 622 889 658 950; x_wconf 91' lang='lat' dir='ltr'>de</span> <span class='ocrx_word' id='word_1_36' title='bbox 687 891 751 951; x_wconf 91' lang='lat' dir='ltr'>sola</span> <span class='ocrx_word' id='word_1_37' title='bbox 780 909 877 969; x_wconf 91' lang='lat' dir='ltr'>poena</span> <span class='ocrx_word' id='word_1_38' title='bbox 904 890 1013 967; x_wconf 85' lang='lat' dir='ltr'>agitur:</span> <span class='ocrx_word' id='word_1_39' title='bbox 1043 910 1115 951; x_wconf 91' lang='lat' dir='ltr'>nam</span> <span class='ocrx_word' id='word_1_40' title='bbox 1143 890 1240 968; x_wconf 90' lang='lat' dir='ltr'>ipsam</span> <span class='ocrx_word' id='word_1_41' title='bbox 1270 909 1332 950; x_wconf 92' lang='lat' dir='ltr'>rem</span> 
     </span>
     <span class='ocr_line' id='line_1_7' title="bbox 242 975 1334 1057; baseline 0 -20"><span class='ocrx_word' id='word_1_42' title='bbox 242 977 361 1055; x_wconf 89' lang='lat' dir='ltr'>propria</span> <span class='ocrx_word' id='word_1_43' title='bbox 382 975 496 1037; x_wconf 92' lang='lat' dir='ltr'>actione</span> <span class='ocrx_word' id='word_1_44' title='bbox 519 976 703 1053; x_wconf 87' lang='lat' dir='ltr'>persequitur</span> <span class='ocrx_word' id='word_1_45' title='bbox 725 976 799 1053; x_wconf 88' lang='lat' dir='ltr'>quis,</span> <span class='ocrx_word' id='word_1_46' title='bbox 824 976 854 1036; x_wconf 93' lang='lat' dir='ltr'>id</span> <span class='ocrx_word' id='word_1_47' title='bbox 876 982 921 1037; x_wconf 91' lang='lat' dir='ltr'>est</span> <span class='ocrx_word' id='word_1_48' title='bbox 942 995 1028 1057; x_wconf 73' lang='lat' dir='ltr'>suam</span> <span class='ocrx_word' id='word_1_49' title='bbox 1054 995 1120 1037; x_wconf 92' lang='lat' dir='ltr'>esse</span> <span class='ocrx_word' id='word_1_50' title='bbox 1135 983 1249 1054; x_wconf 89' lang='lat' dir='ltr'>petens,</span> <span class='ocrx_word' id='word_1_51' title='bbox 1274 977 1334 1037; x_wconf 84' lang='lat' dir='ltr'>sive</span> 
     </span>
     <span class='ocr_line' id='line_1_8' title="bbox 244 1061 1333 1141; baseline -0.003 -17"><span class='ocrx_word' id='word_1_52' title='bbox 244 1064 292 1125; x_wconf 88' lang='lat' dir='ltr'>fur</span> <span class='ocrx_word' id='word_1_53' title='bbox 313 1064 376 1141; x_wconf 91' lang='lat' dir='ltr'>ipse</span> <span class='ocrx_word' id='word_1_54' title='bbox 398 1081 464 1123; x_wconf 91' lang='lat' dir='ltr'>eam</span> <span class='ocrx_word' id='word_1_55' title='bbox 487 1080 550 1122; x_wconf 91' lang='lat' dir='ltr'>rem</span> <span class='ocrx_word' id='word_1_56' title='bbox 573 1062 730 1139; x_wconf 90' lang='lat' dir='ltr'>possideat,</span> <span class='ocrx_word' id='word_1_57' title='bbox 755 1065 815 1122; x_wconf 85' lang='lat' dir='ltr'>sive</span> <span class='ocrx_word' id='word_1_58' title='bbox 838 1061 913 1123; x_wconf 91' lang='lat' dir='ltr'>alius</span> <span class='ocrx_word' id='word_1_59' title='bbox 932 1061 1066 1139; x_wconf 89' lang='lat' dir='ltr'>quilibet:</span> <span class='ocrx_word' id='word_1_60' title='bbox 1091 1082 1126 1123; x_wconf 91' lang='lat' dir='ltr'>eo</span> <span class='ocrx_word' id='word_1_61' title='bbox 1141 1062 1269 1140; x_wconf 89' lang='lat' dir='ltr'>amplius</span> <span class='ocrx_word' id='word_1_62' title='bbox 1285 1062 1333 1122; x_wconf 90' lang='lat' dir='ltr'>ad·</span> 
     </span>
     <span class='ocr_line' id='line_1_9' title="bbox 243 1147 1385 1225; baseline 0.001 -16"><span class='ocrx_word' id='word_1_63' title='bbox 243 1168 347 1210; x_wconf 89' lang='lat' dir='ltr'>versus</span> <span class='ocrx_word' id='word_1_64' title='bbox 369 1149 464 1209; x_wconf 91' lang='lat' dir='ltr'>furem</span> <span class='ocrx_word' id='word_1_65' title='bbox 487 1147 576 1208; x_wconf 89' lang='lat' dir='ltr'>etiam</span> <span class='ocrx_word' id='word_1_66' title='bbox 598 1147 742 1208; x_wconf 89' lang='lat' dir='ltr'>condictio</span> <span class='ocrx_word' id='word_1_67' title='bbox 765 1148 882 1209; x_wconf 89' lang='lat' dir='ltr'>estrei.</span> <span class='ocrx_word' id='word_1_68' title='bbox 917 1147 952 1207; x_wconf 92' lang='lat' dir='ltr'>Vi</span> <span class='ocrx_word' id='word_1_69' title='bbox 974 1156 1074 1209; x_wconf 89' lang='lat' dir='ltr'>autem</span> <span class='ocrx_word' id='word_1_70' title='bbox 1097 1149 1245 1208; x_wconf 91' lang='lat' dir='ltr'>bonorum</span> <span class='ocrx_word' id='word_1_71' title='bbox 1269 1167 1333 1225; x_wconf 88' lang='lat' dir='ltr'>rap·</span> <span class='ocrx_word' id='word_1_72' title='bbox 1352 1160 1385 1215; x_wconf 82' lang='lat'>19</span> 
     </span>
     <span class='ocr_line' id='line_1_10' title="bbox 243 1233 1334 1313; baseline -0.002 -17"><span class='ocrx_word' id='word_1_73' title='bbox 243 1243 340 1297; x_wconf 88' lang='lat' dir='ltr'>torum</span> <span class='ocrx_word' id='word_1_74' title='bbox 364 1233 438 1295; x_wconf 86' lang='lat' dir='ltr'>actio</span> <span class='ocrx_word' id='word_1_75' title='bbox 462 1234 555 1293; x_wconf 88' lang='lat' dir='ltr'>mixta</span> <span class='ocrx_word' id='word_1_76' title='bbox 576 1240 633 1307; x_wconf 89' lang='lat' dir='ltr'>est,</span> <span class='ocrx_word' id='word_1_77' title='bbox 665 1233 734 1310; x_wconf 90' lang='lat' dir='ltr'>quia</span> <span class='ocrx_word' id='word_1_78' title='bbox 755 1234 786 1293; x_wconf 92' lang='lat' dir='ltr'>in</span> <span class='ocrx_word' id='word_1_79' title='bbox 809 1233 1057 1312; x_wconf 80' lang='lat' dir='ltr'>quadrupto1rei</span> <span class='ocrx_word' id='word_1_80' title='bbox 1080 1235 1244 1313; x_wconf 90' lang='lat' dir='ltr'>persecutio</span> <span class='ocrx_word' id='word_1_81' title='bbox 1267 1253 1334 1295; x_wconf 92' lang='lat' dir='ltr'>con·</span> 
     </span>
     <span class='ocr_line' id='line_1_11' title="bbox 244 1319 1336 1398; baseline -0.002 -16"><span class='ocrx_word' id='word_1_82' title='bbox 244 1322 362 1394; x_wconf 88' lang='lat' dir='ltr'>tinctur‚</span> <span class='ocrx_word' id='word_1_83' title='bbox 387 1337 483 1397; x_wconf 87' lang='lat' dir='ltr'>poena</span> <span class='ocrx_word' id='word_1_84' title='bbox 506 1325 605 1379; x_wconf 90' lang='lat' dir='ltr'>autem</span> <span class='ocrx_word' id='word_1_85' title='bbox 627 1319 704 1397; x_wconf 85' lang='lat' dir='ltr'>tripli</span> <span class='ocrx_word' id='word_1_86' title='bbox 727 1327 778 1381; x_wconf 87' lang='lat' dir='ltr'>est.</span> <span class='ocrx_word' id='word_1_87' title='bbox 821 1321 874 1380; x_wconf 85' lang='lat' dir='ltr'>sed</span> <span class='ocrx_word' id='word_1_88' title='bbox 896 1328 925 1381; x_wconf 90' lang='lat' dir='ltr'>et</span> <span class='ocrx_word' id='word_1_89' title='bbox 946 1320 1021 1398; x_wconf 86' lang='lat' dir='ltr'>legis</span> <span class='ocrx_word' id='word_1_90' title='bbox 1044 1320 1180 1397; x_wconf 81' lang='lat' dir='ltr'>Aquiliae</span> <span class='ocrx_word' id='word_1_91' title='bbox 1201 1320 1276 1380; x_wconf 91' lang='lat' dir='ltr'>actio</span> <span class='ocrx_word' id='word_1_92' title='bbox 1299 1320 1336 1380; x_wconf 92' lang='lat' dir='ltr'>de</span> 
     </span>
     <span class='ocr_line' id='line_1_12' title="bbox 242 1404 1335 1483; baseline -0.002 -16"><span class='ocrx_word' id='word_1_93' title='bbox 242 1408 353 1468; x_wconf 88' lang='lat' dir='ltr'>damno</span> <span class='ocrx_word' id='word_1_94' title='bbox 375 1406 469 1467; x_wconf 86' lang='lat' dir='ltr'>mixta</span> <span class='ocrx_word' id='word_1_95' title='bbox 490 1411 541 1478; x_wconf 87' lang='lat' dir='ltr'>est,</span> <span class='ocrx_word' id='word_1_96' title='bbox 566 1423 627 1466; x_wconf 90' lang='lat' dir='ltr'>non</span> <span class='ocrx_word' id='word_1_97' title='bbox 651 1406 748 1466; x_wconf 88' lang='lat' dir='ltr'>solum</span> <span class='ocrx_word' id='word_1_98' title='bbox 771 1404 796 1465; x_wconf 91' lang='lat' dir='ltr'>si</span> <span class='ocrx_word' id='word_1_99' title='bbox 818 1407 959 1467; x_wconf 86' lang='lat' dir='ltr'>adversus</span> <span class='ocrx_word' id='word_1_100' title='bbox 974 1406 1150 1467; x_wconf 88' lang='lat' dir='ltr'>infitiantem</span> <span class='ocrx_word' id='word_1_101' title='bbox 1166 1406 1195 1465; x_wconf 92' lang='lat' dir='ltr'>in</span> <span class='ocrx_word' id='word_1_102' title='bbox 1212 1406 1335 1483; x_wconf 92' lang='lat' dir='ltr'>duplum</span> 
     </span>
     <span class='ocr_line' id='line_1_13' title="bbox 245 1490 1335 1571; baseline -0.003 -17"><span class='ocrx_word' id='word_1_103' title='bbox 245 1500 360 1571; x_wconf 84' lang='lat' dir='ltr'>agatur,</span> <span class='ocrx_word' id='word_1_104' title='bbox 384 1492 436 1553; x_wconf 89' lang='lat' dir='ltr'>sed</span> <span class='ocrx_word' id='word_1_105' title='bbox 457 1490 605 1551; x_wconf 89' lang='lat' dir='ltr'>interdum</span> <span class='ocrx_word' id='word_1_106' title='bbox 628 1498 657 1552; x_wconf 92' lang='lat' dir='ltr'>et</span> <span class='ocrx_word' id='word_1_107' title='bbox 679 1491 704 1551; x_wconf 94' lang='lat' dir='ltr'>si</span> <span class='ocrx_word' id='word_1_108' title='bbox 726 1491 757 1551; x_wconf 91' lang='lat' dir='ltr'>in</span> <span class='ocrx_word' id='word_1_109' title='bbox 780 1491 921 1569; x_wconf 82' lang='lat' dir='ltr'>simplum</span> <span class='ocrx_word' id='word_1_110' title='bbox 943 1492 1068 1570; x_wconf 89' lang='lat' dir='ltr'>quisque</span> <span class='ocrx_word' id='word_1_111' title='bbox 1090 1492 1161 1569; x_wconf 81' lang='lat' dir='ltr'>agit</span> <span class='ocrx_word' id='word_1_112' title='bbox 1200 1491 1289 1551; x_wconf 87' lang='lat' dir='ltr'>veluti</span> <span class='ocrx_word' id='word_1_113' title='bbox 1311 1492 1335 1551; x_wconf 93' lang='lat' dir='ltr'>si</span> 
     </span>
     <span class='ocr_line' id='line_1_14' title="bbox 245 1576 1334 1656; baseline -0.003 -16"><span class='ocrx_word' id='word_1_114' title='bbox 245 1580 312 1656; x_wconf 88' lang='lat' dir='ltr'>quis</span> <span class='ocrx_word' id='word_1_115' title='bbox 334 1577 488 1639; x_wconf 91' lang='lat' dir='ltr'>hominem</span> <span class='ocrx_word' id='word_1_116' title='bbox 510 1576 649 1637; x_wconf 89' lang='lat' dir='ltr'>claudum</span> <span class='ocrx_word' id='word_1_117' title='bbox 671 1585 722 1638; x_wconf 89' lang='lat' dir='ltr'>aut</span> <span class='ocrx_word' id='word_1_118' title='bbox 743 1579 860 1638; x_wconf 90' lang='lat' dir='ltr'>luscum</span> <span class='ocrx_word' id='word_1_119' title='bbox 886 1578 1036 1651; x_wconf 89' lang='lat' dir='ltr'>occiderit,</span> <span class='ocrx_word' id='word_1_120' title='bbox 1065 1578 1168 1655; x_wconf 92' lang='lat' dir='ltr'>quiin</span> <span class='ocrx_word' id='word_1_121' title='bbox 1191 1596 1226 1637; x_wconf 93' lang='lat' dir='ltr'>eo</span> <span class='ocrx_word' id='word_1_122' title='bbox 1254 1596 1334 1637; x_wconf 92' lang='lat' dir='ltr'>anno</span> 
     </span>
     <span class='ocr_line' id='line_1_15' title="bbox 243 1661 1335 1742; baseline -0.003 -16"><span class='ocrx_word' id='word_1_123' title='bbox 243 1666 358 1742; x_wconf 91' lang='lat' dir='ltr'>integer</span> <span class='ocrx_word' id='word_1_124' title='bbox 379 1670 408 1725; x_wconf 89' lang='lat' dir='ltr'>et</span> <span class='ocrx_word' id='word_1_125' title='bbox 429 1663 532 1741; x_wconf 86' lang='lat' dir='ltr'>magni</span> <span class='ocrx_word' id='word_1_126' title='bbox 554 1663 639 1741; x_wconf 89' lang='lat' dir='ltr'>pretii</span> <span class='ocrx_word' id='word_1_127' title='bbox 660 1663 759 1725; x_wconf 87' lang='lat' dir='ltr'>fuerit:</span> <span class='ocrx_word' id='word_1_128' title='bbox 783 1665 857 1724; x_wconf 90' lang='lat' dir='ltr'>tanti</span> <span class='ocrx_word' id='word_1_129' title='bbox 864 1661 880 1719; x_wconf 77' lang='lat'><strong>²</strong></span> <span class='ocrx_word' id='word_1_130' title='bbox 900 1664 981 1724; x_wconf 90' lang='lat' dir='ltr'>enim</span> <span class='ocrx_word' id='word_1_131' title='bbox 997 1665 1166 1737; x_wconf 87' lang='lat' dir='ltr'>damnatur,</span> <span class='ocrx_word' id='word_1_132' title='bbox 1190 1663 1295 1740; x_wconf 90' lang='lat' dir='ltr'>quanti</span> <span class='ocrx_word' id='word_1_133' title='bbox 1310 1663 1335 1723; x_wconf 90' lang='lat' dir='ltr'>is</span> 
     </span>
     <span class='ocr_line' id='line_1_16' title="bbox 244 1748 1336 1825; baseline -0.003 -14"><span class='ocrx_word' id='word_1_134' title='bbox 244 1751 335 1812; x_wconf 91' lang='lat' dir='ltr'>homo</span> <span class='ocrx_word' id='word_1_135' title='bbox 358 1750 389 1810; x_wconf 89' lang='lat' dir='ltr'>in</span> <span class='ocrx_word' id='word_1_136' title='bbox 412 1768 446 1811; x_wconf 90' lang='lat' dir='ltr'>eo</span> <span class='ocrx_word' id='word_1_137' title='bbox 469 1767 549 1809; x_wconf 89' lang='lat' dir='ltr'>anno</span> <span class='ocrx_word' id='word_1_138' title='bbox 571 1748 710 1825; x_wconf 86' lang='lat' dir='ltr'>plurimi³</span> <span class='ocrx_word' id='word_1_139' title='bbox 733 1749 828 1823; x_wconf 90' lang='lat' dir='ltr'>fuerit,</span> <span class='ocrx_word' id='word_1_140' title='bbox 853 1750 1017 1811; x_wconf 90' lang='lat' dir='ltr'>secundum</span> <span class='ocrx_word' id='word_1_141' title='bbox 1038 1750 1098 1810; x_wconf 91' lang='lat' dir='ltr'>iarn</span> <span class='ocrx_word' id='word_1_142' title='bbox 1114 1749 1252 1810; x_wconf 86' lang='lat' dir='ltr'>traditam</span> <span class='ocrx_word' id='word_1_143' title='bbox 1267 1748 1336 1808; x_wconf 85' lang='lat' dir='ltr'>divi·</span> 
     </span>
     <span class='ocr_line' id='line_1_17' title="bbox 245 1831 1335 1913; baseline -0.002 -16"><span class='ocrx_word' id='word_1_144' title='bbox 245 1838 371 1898; x_wconf 89' lang='lat' dir='ltr'>sionem.</span> <span class='ocrx_word' id='word_1_145' title='bbox 405 1831 491 1895; x_wconf 78' lang='lat' dir='ltr'>‘item</span> <span class='ocrx_word' id='word_1_146' title='bbox 505 1834 598 1895; x_wconf 89' lang='lat' dir='ltr'>mixta</span> <span class='ocrx_word' id='word_1_147' title='bbox 613 1842 657 1895; x_wconf 89' lang='lat' dir='ltr'>est</span> <span class='ocrx_word' id='word_1_148' title='bbox 672 1836 747 1895; x_wconf 89' lang='lat' dir='ltr'>actio</span> <span class='ocrx_word' id='word_1_149' title='bbox 763 1844 866 1896; x_wconf 89' lang='lat' dir='ltr'>contra</span> <span class='ocrx_word' id='word_1_150' title='bbox 881 1856 941 1909; x_wconf 90' lang='lat' dir='ltr'>eos,</span> <span class='ocrx_word' id='word_1_151' title='bbox 958 1837 1009 1913; x_wconf 93' lang='lat' dir='ltr'>qui</span> <span class='ocrx_word' id='word_1_152' title='bbox 1025 1836 1125 1896; x_wconf 91' lang='lat' dir='ltr'>relicta</span> <span class='ocrx_word' id='word_1_153' title='bbox 1140 1835 1335 1896; x_wconf 88' lang='lat' dir='ltr'>sacrosanctis</span> 
     </span>
     <span class='ocr_line' id='line_1_18' title="bbox 242 1917 1336 1997; baseline 0.003 -20"><span class='ocrx_word' id='word_1_154' title='bbox 242 1917 388 1983; x_wconf 60' lang='lat' dir='ltr'>fecclesiis</span> <span class='ocrx_word' id='word_1_155' title='bbox 410 1922 455 1981; x_wconf 88' lang='lat' dir='ltr'>vel</span> <span class='ocrx_word' id='word_1_156' title='bbox 486 1920 550 1981; x_wconf 90' lang='lat' dir='ltr'>aliis</span> <span class='ocrx_word' id='word_1_157' title='bbox 578 1920 793 1982; x_wconf 85' lang='lat' dir='ltr'>venerabilibus</span> <span class='ocrx_word' id='word_1_158' title='bbox 823 1922 895 1982; x_wconf 92' lang='lat' dir='ltr'>locis</span> <span class='ocrx_word' id='word_1_159' title='bbox 923 1922 1011 1997; x_wconf 86' lang='lat' dir='ltr'>legati</span> <span class='ocrx_word' id='word_1_160' title='bbox 1040 1924 1087 1982; x_wconf 89' lang='lat' dir='ltr'>vel</span> <span class='ocrx_word' id='word_1_161' title='bbox 1117 1920 1336 1982; x_wconf 88' lang='lat' dir='ltr'>fideicommissi</span> 
     </span>
     <span class='ocr_line' id='line_1_19' title="bbox 244 2004 1334 2084; baseline -0.002 -16"><span class='ocrx_word' id='word_1_162' title='bbox 244 2004 383 2069; x_wconf 88' lang='lat' dir='ltr'>&lt;nomine</span> <span class='ocrx_word' id='word_1_163' title='bbox 416 2007 486 2066; x_wconf 88' lang='lat' dir='ltr'>dare</span> <span class='ocrx_word' id='word_1_164' title='bbox 518 2006 682 2066; x_wconf 87' lang='lat' dir='ltr'>distulerint</span> <span class='ocrx_word' id='word_1_165' title='bbox 714 2026 809 2084; x_wconf 89' lang='lat' dir='ltr'>nsque</span> <span class='ocrx_word' id='word_1_166' title='bbox 843 2010 930 2080; x_wconf 89' lang='lat' dir='ltr'>adeo,</span> <span class='ocrx_word' id='word_1_167' title='bbox 964 2015 999 2068; x_wconf 93' lang='lat' dir='ltr'>ut</span> <span class='ocrx_word' id='word_1_168' title='bbox 1024 2007 1113 2068; x_wconf 89' lang='lat' dir='ltr'>etiam</span> <span class='ocrx_word' id='word_1_169' title='bbox 1139 2007 1170 2066; x_wconf 92' lang='lat' dir='ltr'>in</span> <span class='ocrx_word' id='word_1_170' title='bbox 1196 2006 1334 2067; x_wconf 88' lang='lat' dir='ltr'>iudicium</span> 
     </span>
     <span class='ocr_line' id='line_1_20' title="bbox 247 2090 1335 2172; baseline 0 -19"><span class='ocrx_word' id='word_1_171' title='bbox 247 2090 451 2155; x_wconf 74' lang='lat' dir='ltr'>‘vocarenturz</span> <span class='ocrx_word' id='word_1_172' title='bbox 486 2098 556 2152; x_wconf 89' lang='lat' dir='ltr'>tunc</span> <span class='ocrx_word' id='word_1_173' title='bbox 584 2092 693 2152; x_wconf 87' lang='lat' dir='ltr'>etenim</span> <span class='ocrx_word' id='word_1_174' title='bbox 724 2101 752 2154; x_wconf 89' lang='lat' dir='ltr'>et</span> <span class='ocrx_word' id='word_1_175' title='bbox 780 2092 876 2171; x_wconf 86' lang='lat' dir='ltr'>ipsam</span> <span class='ocrx_word' id='word_1_176' title='bbox 907 2114 969 2153; x_wconf 89' lang='lat' dir='ltr'>rem</span> <span class='ocrx_word' id='word_1_177' title='bbox 1000 2094 1044 2154; x_wconf 88' lang='lat' dir='ltr'>vel</span> <span class='ocrx_word' id='word_1_178' title='bbox 1074 2093 1230 2172; x_wconf 90' lang='lat' dir='ltr'>pecuniam</span> <span class='ocrx_word' id='word_1_179' title='bbox 1259 2112 1335 2170; x_wconf 88' lang='lat' dir='ltr'>quae</span> 
     </span>
     <span class='ocr_line' id='line_1_21' title="bbox 245 2176 1335 2257; baseline -0.002 -17"><span class='ocrx_word' id='word_1_180' title='bbox 245 2176 360 2241; x_wconf 86' lang='lat' dir='ltr'>&lt;relicta</span> <span class='ocrx_word' id='word_1_181' title='bbox 382 2185 426 2240; x_wconf 89' lang='lat' dir='ltr'>est</span> <span class='ocrx_word' id='word_1_182' title='bbox 448 2179 518 2238; x_wconf 89' lang='lat' dir='ltr'>dare</span> <span class='ocrx_word' id='word_1_183' title='bbox 541 2178 758 2256; x_wconf 88' lang='lat' dir='ltr'>compelluntur</span> <span class='ocrx_word' id='word_1_184' title='bbox 780 2190 808 2240; x_wconf 91' lang='lat' dir='ltr'>et</span> <span class='ocrx_word' id='word_1_185' title='bbox 837 2180 917 2240; x_wconf 88' lang='lat' dir='ltr'>aliud</span> <span class='ocrx_word' id='word_1_186' title='bbox 943 2186 1060 2240; x_wconf 87' lang='lat' dir='ltr'>tanturn</span> <span class='ocrx_word' id='word_1_187' title='bbox 1087 2198 1140 2256; x_wconf 93' lang='lat' dir='ltr'>pro</span> <span class='ocrx_word' id='word_1_188' title='bbox 1168 2198 1276 2257; x_wconf 91' lang='lat' dir='ltr'>poena,</span> <span class='ocrx_word' id='word_1_189' title='bbox 1307 2185 1335 2239; x_wconf 91' lang='lat' dir='ltr'>et</span> 
     </span>
     <span class='ocr_line' id='line_1_22' title="bbox 247 2262 922 2343; baseline 0.003 -18"><span class='ocrx_word' id='word_1_190' title='bbox 247 2262 327 2327; x_wconf 84' lang='lat' dir='ltr'>&lt;ideo</span> <span class='ocrx_word' id='word_1_191' title='bbox 349 2266 380 2326; x_wconf 89' lang='lat' dir='ltr'>in</span> <span class='ocrx_word' id='word_1_192' title='bbox 403 2266 526 2343; x_wconf 90' lang='lat' dir='ltr'>duplum</span> <span class='ocrx_word' id='word_1_193' title='bbox 549 2263 612 2325; x_wconf 88' lang='lat' dir='ltr'>eius</span> <span class='ocrx_word' id='word_1_194' title='bbox 635 2263 667 2324; x_wconf 89' lang='lat' dir='ltr'>fit</span> <span class='ocrx_word' id='word_1_195' title='bbox 690 2262 922 2328; x_wconf 80' lang='lat' dir='ltr'>condemnatio.&gt;</span> 
     </span>
    </p>

    <p class='ocr_par' dir='ltr' id='par_1_4' title="bbox 243 2350 1388 3114">
     <span class='ocr_line' id='line_1_23' title="bbox 243 2350 1388 2431; baseline 0.002 -18"><span class='ocrx_word' id='word_1_196' title='bbox 243 2388 247 2393; x_wconf 94' lang='lat'>-</span> <span class='ocrx_word' id='word_1_197' title='bbox 310 2352 463 2425; x_wconf 89' lang='lat' dir='ltr'>Quaedam</span> <span class='ocrx_word' id='word_1_198' title='bbox 486 2350 617 2411; x_wconf 82' lang='lat' dir='ltr'>actiones</span> <span class='ocrx_word' id='word_1_199' title='bbox 639 2350 763 2412; x_wconf 87' lang='lat' dir='ltr'>mixtam</span> <span class='ocrx_word' id='word_1_200' title='bbox 787 2372 908 2413; x_wconf 91' lang='lat' dir='ltr'>causam</span> <span class='ocrx_word' id='word_1_201' title='bbox 931 2352 1062 2431; x_wconf 83' lang='lat' dir='ltr'>optinere</span> <span class='ocrx_word' id='word_1_202' title='bbox 1078 2352 1212 2412; x_wconf 88' lang='lat' dir='ltr'>videntur</span> <span class='ocrx_word' id='word_1_203' title='bbox 1226 2357 1289 2411; x_wconf 90' lang='lat' dir='ltr'>tam</span> <span class='ocrx_word' id='word_1_204' title='bbox 1304 2350 1335 2410; x_wconf 92' lang='lat' dir='ltr'>in</span> <span class='ocrx_word' id='word_1_205' title='bbox 1352 2360 1388 2418; x_wconf 80' lang='lat'>20</span> 
     </span>
     <span class='ocr_line' id='line_1_24' title="bbox 245 2436 1334 2515; baseline -0.002 -16"><span class='ocrx_word' id='word_1_206' title='bbox 245 2458 310 2499; x_wconf 90' lang='lat' dir='ltr'>rem</span> <span class='ocrx_word' id='word_1_207' title='bbox 333 2457 423 2515; x_wconf 91' lang='lat' dir='ltr'>quam</span> <span class='ocrx_word' id='word_1_208' title='bbox 445 2436 476 2496; x_wconf 92' lang='lat' dir='ltr'>in</span> <span class='ocrx_word' id='word_1_209' title='bbox 499 2454 667 2514; x_wconf 88' lang='lat' dir='ltr'>personam.</span> <span class='ocrx_word' id='word_1_210' title='bbox 691 2438 801 2514; x_wconf 83' lang='lat' dir='ltr'>&#39;qualis</span> <span class='ocrx_word' id='word_1_211' title='bbox 824 2446 869 2498; x_wconf 91' lang='lat' dir='ltr'>est</span> <span class='ocrx_word' id='word_1_212' title='bbox 890 2438 1017 2499; x_wconf 90' lang='lat' dir='ltr'>familiae</span> <span class='ocrx_word' id='word_1_213' title='bbox 1038 2438 1227 2498; x_wconf 81' lang='lat' dir='ltr'>erciscundae</span> <span class='ocrx_word' id='word_1_214' title='bbox 1249 2437 1334 2510; x_wconf 92' lang='lat' dir='ltr'>actio,</span> 
     </span>
     <span class='ocr_line' id='line_1_25' title="bbox 245 2520 1335 2602; baseline -0.004 -17"><span class='ocrx_word' id='word_1_215' title='bbox 245 2543 322 2602; x_wconf 91' lang='lat' dir='ltr'>quae</span> <span class='ocrx_word' id='word_1_216' title='bbox 344 2522 483 2601; x_wconf 89' lang='lat' dir='ltr'>competit</span> <span class='ocrx_word' id='word_1_217' title='bbox 505 2520 697 2583; x_wconf 88' lang='lat' dir='ltr'>coheredibus</span> <span class='ocrx_word' id='word_1_218' title='bbox 720 2524 756 2583; x_wconf 90' lang='lat' dir='ltr'>de</span> <span class='ocrx_word' id='word_1_219' title='bbox 778 2524 933 2585; x_wconf 88' lang='lat' dir='ltr'>dividenda</span> <span class='ocrx_word' id='word_1_220' title='bbox 958 2523 1133 2583; x_wconf 89' lang='lat' dir='ltr'>hereditate:</span> <span class='ocrx_word' id='word_1_221' title='bbox 1164 2524 1235 2582; x_wconf 85' lang='lat' dir='ltr'>item</span> <span class='ocrx_word' id='word_1_222' title='bbox 1257 2541 1335 2595; x_wconf 84' lang='lat' dir='ltr'>com·</span> 
     </span>
     <span class='ocr_line' id='line_1_26' title="bbox 245 2607 1336 2685; baseline -0.004 -14"><span class='ocrx_word' id='word_1_223' title='bbox 245 2609 330 2671; x_wconf 92' lang='lat' dir='ltr'>muni</span> <span class='ocrx_word' id='word_1_224' title='bbox 352 2609 523 2681; x_wconf 85' lang='lat' dir='ltr'>dividundo,</span> <span class='ocrx_word' id='word_1_225' title='bbox 559 2626 636 2685; x_wconf 91' lang='lat' dir='ltr'>quae</span> <span class='ocrx_word' id='word_1_226' title='bbox 664 2607 740 2669; x_wconf 91' lang='lat' dir='ltr'>inter</span> <span class='ocrx_word' id='word_1_227' title='bbox 770 2628 820 2671; x_wconf 92' lang='lat' dir='ltr'>eos</span> <span class='ocrx_word' id='word_1_228' title='bbox 847 2610 990 2682; x_wconf 87' lang='lat' dir='ltr'>redditur,</span> <span class='ocrx_word' id='word_1_229' title='bbox 1021 2609 1097 2668; x_wconf 88' lang='lat' dir='ltr'>inter</span> <span class='ocrx_word' id='word_1_230' title='bbox 1123 2628 1198 2685; x_wconf 90' lang='lat' dir='ltr'>quos</span> <span class='ocrx_word' id='word_1_231' title='bbox 1228 2607 1336 2684; x_wconf 89' lang='lat' dir='ltr'>aliquid</span> 
     </span>
     <span class='ocr_line' id='line_1_27' title="bbox 246 2692 1337 2771; baseline -0.005 -13"><span class='ocrx_word' id='word_1_232' title='bbox 246 2693 428 2759; x_wconf 72' lang='lat' dir='ltr'>commune⁴</span> <span class='ocrx_word' id='word_1_233' title='bbox 449 2701 503 2767; x_wconf 91' lang='lat' dir='ltr'>est,</span> <span class='ocrx_word' id='word_1_234' title='bbox 527 2700 560 2754; x_wconf 93' lang='lat' dir='ltr'>ut</span> <span class='ocrx_word' id='word_1_235' title='bbox 580 2694 610 2753; x_wconf 92' lang='lat' dir='ltr'>id</span> <span class='ocrx_word' id='word_1_236' title='bbox 633 2692 788 2755; x_wconf 84' lang='lat' dir='ltr'>dividatur:</span> <span class='ocrx_word' id='word_1_237' title='bbox 813 2694 884 2755; x_wconf 89' lang='lat' dir='ltr'>item</span> <span class='ocrx_word' id='word_1_238' title='bbox 905 2694 1010 2755; x_wconf 89' lang='lat' dir='ltr'>finium</span> <span class='ocrx_word' id='word_1_239' title='bbox 1025 2694 1237 2771; x_wconf 83' lang='lat' dir='ltr'>regundorum,</span> <span class='ocrx_word' id='word_1_240' title='bbox 1261 2712 1337 2770; x_wconf 92' lang='lat' dir='ltr'>quae</span> 
     </span>
     <span class='ocr_line' id='line_1_28' title="bbox 247 2779 1337 2858; baseline -0.004 -15"><span class='ocrx_word' id='word_1_241' title='bbox 247 2784 323 2843; x_wconf 88' lang='lat' dir='ltr'>inter</span> <span class='ocrx_word' id='word_1_242' title='bbox 346 2800 396 2843; x_wconf 89' lang='lat' dir='ltr'>eos</span> <span class='ocrx_word' id='word_1_243' title='bbox 420 2780 526 2858; x_wconf 87' lang='lat' dir='ltr'>agitur,</span> <span class='ocrx_word' id='word_1_244' title='bbox 550 2779 599 2855; x_wconf 93' lang='lat' dir='ltr'>qui</span> <span class='ocrx_word' id='word_1_245' title='bbox 623 2779 754 2841; x_wconf 88' lang='lat' dir='ltr'>confines</span> <span class='ocrx_word' id='word_1_246' title='bbox 776 2800 867 2858; x_wconf 88' lang='lat' dir='ltr'>agros</span> <span class='ocrx_word' id='word_1_247' title='bbox 889 2780 1010 2840; x_wconf 89' lang='lat' dir='ltr'>habent.</span> <span class='ocrx_word' id='word_1_248' title='bbox 1055 2780 1085 2839; x_wconf 91' lang='lat' dir='ltr'>in</span> <span class='ocrx_word' id='word_1_249' title='bbox 1109 2780 1216 2857; x_wconf 90' lang='lat' dir='ltr'>quibus</span> <span class='ocrx_word' id='word_1_250' title='bbox 1242 2780 1337 2839; x_wconf 90' lang='lat' dir='ltr'>tribus</span> 
     </span>
     <span class='ocr_line' id='line_1_29' title="bbox 247 2865 1338 2943; baseline -0.004 -15"><span class='ocrx_word' id='word_1_251' title='bbox 247 2866 358 2928; x_wconf 89' lang='lat' dir='ltr'>iudiciis</span> <span class='ocrx_word' id='word_1_252' title='bbox 381 2865 557 2943; x_wconf 89' lang='lat' dir='ltr'>permittitur</span> <span class='ocrx_word' id='word_1_253' title='bbox 580 2865 667 2927; x_wconf 90' lang='lat' dir='ltr'>iudici</span> <span class='ocrx_word' id='word_1_254' title='bbox 688 2885 752 2926; x_wconf 90' lang='lat' dir='ltr'>rem</span> <span class='ocrx_word' id='word_1_255' title='bbox 774 2866 861 2927; x_wconf 91' lang='lat' dir='ltr'>alicui</span> <span class='ocrx_word' id='word_1_256' title='bbox 883 2887 920 2928; x_wconf 87' lang='lat' dir='ltr'>ex</span> <span class='ocrx_word' id='word_1_257' title='bbox 941 2865 1136 2943; x_wconf 87' lang='lat' dir='ltr'>litigatoribus</span> <span class='ocrx_word' id='word_1_258' title='bbox 1158 2884 1196 2925; x_wconf 89' lang='lat' dir='ltr'>ex</span> <span class='ocrx_word' id='word_1_259' title='bbox 1214 2866 1294 2926; x_wconf 90' lang='lat' dir='ltr'>bono</span> <span class='ocrx_word' id='word_1_260' title='bbox 1309 2872 1338 2925; x_wconf 91' lang='lat' dir='ltr'>et</span> 
     </span>
     <span class='ocr_line' id='line_1_30' title="bbox 250 2951 1336 3031; baseline -0.004 -16"><span class='ocrx_word' id='word_1_261' title='bbox 250 2972 344 3030; x_wconf 89' lang='lat' dir='ltr'>aequo</span> <span class='ocrx_word' id='word_1_262' title='bbox 368 2951 533 3012; x_wconf 86' lang='lat' dir='ltr'>adiudicare</span> <span class='ocrx_word' id='word_1_263' title='bbox 555 2958 597 3025; x_wconf 89' lang='lat' dir='ltr'>et,</span> <span class='ocrx_word' id='word_1_264' title='bbox 626 2952 652 3011; x_wconf 90' lang='lat' dir='ltr'>si</span> <span class='ocrx_word' id='word_1_265' title='bbox 673 2952 761 3013; x_wconf 91' lang='lat' dir='ltr'>unius</span> <span class='ocrx_word' id='word_1_266' title='bbox 783 2972 852 3031; x_wconf 92' lang='lat' dir='ltr'>pars</span> <span class='ocrx_word' id='word_1_267' title='bbox 874 2952 1066 3030; x_wconf 82' lang='lat' dir='ltr'>praegravari</span> <span class='ocrx_word' id='word_1_268' title='bbox 1087 2951 1245 3026; x_wconf 81' lang='lat' dir='ltr'>ridebitur,</span> <span class='ocrx_word' id='word_1_269' title='bbox 1268 2970 1336 3012; x_wconf 89' lang='lat' dir='ltr'>eum</span> 
     </span>
     <span class='ocr_line' id='line_1_31' title="bbox 248 3037 958 3114; baseline 0 -15"><span class='ocrx_word' id='word_1_270' title='bbox 248 3039 373 3100; x_wconf 82' lang='lat' dir='ltr'>invicem</span> <span class='ocrx_word' id='word_1_271' title='bbox 396 3044 474 3099; x_wconf 89' lang='lat' dir='ltr'>certa</span> <span class='ocrx_word' id='word_1_272' title='bbox 496 3037 621 3114; x_wconf 89' lang='lat' dir='ltr'>pecunia</span> <span class='ocrx_word' id='word_1_273' title='bbox 643 3038 726 3098; x_wconf 88' lang='lat' dir='ltr'>alteri</span> <span class='ocrx_word' id='word_1_274' title='bbox 748 3039 958 3100; x_wconf 88' lang='lat' dir='ltr'>condemnare.</span> 
     </span>
    </p>

    <p class='ocr_par' dir='ltr' id='par_1_5' title="bbox 225 3122 1391 4063">
     <span class='ocr_line' id='line_1_32' title="bbox 313 3122 1388 3203; baseline 0 -18"><span class='ocrx_word' id='word_1_275' title='bbox 313 3124 425 3185; x_wconf 87' lang='lat' dir='ltr'>Omnes</span> <span class='ocrx_word' id='word_1_276' title='bbox 448 3132 547 3183; x_wconf 84' lang='lat' dir='ltr'>autern</span> <span class='ocrx_word' id='word_1_277' title='bbox 568 3124 698 3185; x_wconf 89' lang='lat' dir='ltr'>actiones</span> <span class='ocrx_word' id='word_1_278' title='bbox 722 3126 766 3186; x_wconf 89' lang='lat' dir='ltr'>vel</span> <span class='ocrx_word' id='word_1_279' title='bbox 788 3125 819 3184; x_wconf 90' lang='lat' dir='ltr'>in</span> <span class='ocrx_word' id='word_1_280' title='bbox 849 3125 990 3203; x_wconf 90' lang='lat' dir='ltr'>simplum</span> <span class='ocrx_word' id='word_1_281' title='bbox 1017 3131 1175 3202; x_wconf 87' lang='lat' dir='ltr'>conceptae</span> <span class='ocrx_word' id='word_1_282' title='bbox 1201 3129 1271 3183; x_wconf 91' lang='lat' dir='ltr'>sunt</span> <span class='ocrx_word' id='word_1_283' title='bbox 1292 3122 1337 3183; x_wconf 85' lang='lat' dir='ltr'>rel</span> <span class='ocrx_word' id='word_1_284' title='bbox 1355 3131 1388 3185; x_wconf 79' lang='lat'>21</span> 
     </span>
     <span class='ocr_line' id='line_1_33' title="bbox 247 3207 1338 3289; baseline -0.004 -17"><span class='ocrx_word' id='word_1_285' title='bbox 247 3212 279 3272; x_wconf 91' lang='lat' dir='ltr'>in</span> <span class='ocrx_word' id='word_1_286' title='bbox 301 3211 425 3289; x_wconf 90' lang='lat' dir='ltr'>duplum</span> <span class='ocrx_word' id='word_1_287' title='bbox 448 3211 492 3270; x_wconf 87' lang='lat' dir='ltr'>vel</span> <span class='ocrx_word' id='word_1_288' title='bbox 514 3210 545 3268; x_wconf 91' lang='lat' dir='ltr'>in</span> <span class='ocrx_word' id='word_1_289' title='bbox 568 3209 688 3286; x_wconf 90' lang='lat' dir='ltr'>triplum</span> <span class='ocrx_word' id='word_1_290' title='bbox 711 3212 756 3271; x_wconf 88' lang='lat' dir='ltr'>vel</span> <span class='ocrx_word' id='word_1_291' title='bbox 785 3211 817 3270; x_wconf 92' lang='lat' dir='ltr'>in</span> <span class='ocrx_word' id='word_1_292' title='bbox 846 3211 1057 3288; x_wconf 88' lang='lat' dir='ltr'>quadruplum:</span> <span class='ocrx_word' id='word_1_293' title='bbox 1089 3207 1211 3270; x_wconf 91' lang='lat' dir='ltr'>ulterius</span> <span class='ocrx_word' id='word_1_294' title='bbox 1239 3214 1338 3269; x_wconf 91' lang='lat' dir='ltr'>autem</span> 
     </span>
     <span class='ocr_line' id='line_1_34' title="bbox 248 3294 1390 3375; baseline -0.001 -18"><span class='ocrx_word' id='word_1_295' title='bbox 248 3298 330 3358; x_wconf 90' lang='lat' dir='ltr'>nulla</span> <span class='ocrx_word' id='word_1_296' title='bbox 353 3296 427 3357; x_wconf 89' lang='lat' dir='ltr'>actio</span> <span class='ocrx_word' id='word_1_297' title='bbox 450 3296 624 3357; x_wconf 82' lang='lat' dir='ltr'>extenditur.</span> <span class='ocrx_word' id='word_1_298' title='bbox 663 3297 696 3356; x_wconf 94' lang='lat' dir='ltr'>ln</span> <span class='ocrx_word' id='word_1_299' title='bbox 716 3296 857 3375; x_wconf 91' lang='lat' dir='ltr'>simplum</span> <span class='ocrx_word' id='word_1_300' title='bbox 872 3296 970 3375; x_wconf 82' lang='lat' dir='ltr'>agitur</span> <span class='ocrx_word' id='word_1_301' title='bbox 983 3296 1073 3357; x_wconf 88' lang='lat' dir='ltr'>veluti</span> <span class='ocrx_word' id='word_1_302' title='bbox 1089 3316 1125 3357; x_wconf 85' lang='lat' dir='ltr'>ex</span> <span class='ocrx_word' id='word_1_303' title='bbox 1140 3294 1337 3371; x_wconf 87' lang='lat' dir='ltr'>stipulatione,</span> <span class='ocrx_word' id='word_1_304' title='bbox 1356 3303 1390 3356; x_wconf 77' lang='lat'>22</span> 
     </span>
     <span class='ocr_line' id='line_1_35' title="bbox 248 3380 1338 3460; baseline -0.003 -16"><span class='ocrx_word' id='word_1_305' title='bbox 248 3403 286 3444; x_wconf 85' lang='lat' dir='ltr'>ex</span> <span class='ocrx_word' id='word_1_306' title='bbox 308 3383 404 3443; x_wconf 89' lang='lat' dir='ltr'>mutui</span> <span class='ocrx_word' id='word_1_307' title='bbox 426 3382 552 3454; x_wconf 90' lang='lat' dir='ltr'>datione,</span> <span class='ocrx_word' id='word_1_308' title='bbox 576 3400 612 3441; x_wconf 87' lang='lat' dir='ltr'>ex</span> <span class='ocrx_word' id='word_1_309' title='bbox 634 3390 734 3460; x_wconf 89' lang='lat' dir='ltr'>empto</span> <span class='ocrx_word' id='word_1_310' title='bbox 758 3383 885 3457; x_wconf 88' lang='lat' dir='ltr'>vendito,</span> <span class='ocrx_word' id='word_1_311' title='bbox 908 3384 1004 3444; x_wconf 87' lang='lat' dir='ltr'>locato</span> <span class='ocrx_word' id='word_1_312' title='bbox 1019 3382 1173 3454; x_wconf 89' lang='lat' dir='ltr'>conducto,</span> <span class='ocrx_word' id='word_1_313' title='bbox 1197 3380 1338 3441; x_wconf 91' lang='lat' dir='ltr'>mandato</span> 
     </span>
     <span class='ocr_line' id='line_1_36' title="bbox 249 3466 1391 3547; baseline -0.002 -16"><span class='ocrx_word' id='word_1_314' title='bbox 249 3477 277 3531; x_wconf 87' lang='lat' dir='ltr'>et</span> <span class='ocrx_word' id='word_1_315' title='bbox 306 3470 433 3546; x_wconf 91' lang='lat' dir='ltr'>denique</span> <span class='ocrx_word' id='word_1_316' title='bbox 460 3488 497 3529; x_wconf 88' lang='lat' dir='ltr'>ex</span> <span class='ocrx_word' id='word_1_317' title='bbox 527 3467 590 3527; x_wconf 86' lang='lat' dir='ltr'>aliis</span> <span class='ocrx_word' id='word_1_318' title='bbox 618 3469 820 3547; x_wconf 89' lang='lat' dir='ltr'>compluribus</span> <span class='ocrx_word' id='word_1_319' title='bbox 849 3469 955 3530; x_wconf 87' lang='lat' dir='ltr'>causis.</span> <span class='ocrx_word' id='word_1_320' title='bbox 1001 3470 1035 3529; x_wconf 90' lang='lat' dir='ltr'>ln</span> <span class='ocrx_word' id='word_1_321' title='bbox 1068 3468 1191 3545; x_wconf 91' lang='lat' dir='ltr'>duplum</span> <span class='ocrx_word' id='word_1_322' title='bbox 1220 3466 1339 3545; x_wconf 87' lang='lat' dir='ltr'>agimus</span> <span class='ocrx_word' id='word_1_323' title='bbox 1357 3474 1391 3529; x_wconf 80' lang='lat'>23</span> 
     </span>
     <span class='ocr_line' id='line_1_37' title="bbox 249 3552 1339 3632; baseline 0 -18"><span class='ocrx_word' id='word_1_324' title='bbox 249 3556 338 3616; x_wconf 87' lang='lat' dir='ltr'>veluti</span> <span class='ocrx_word' id='word_1_325' title='bbox 359 3554 428 3617; x_wconf 87' lang='lat' dir='ltr'>furti</span> <span class='ocrx_word' id='word_1_326' title='bbox 449 3573 505 3615; x_wconf 91' lang='lat' dir='ltr'>nec</span> <span class='ocrx_word' id='word_1_327' title='bbox 526 3554 692 3628; x_wconf 85' lang='lat' dir='ltr'>manifesti,</span> <span class='ocrx_word' id='word_1_328' title='bbox 717 3554 818 3615; x_wconf 90' lang='lat' dir='ltr'>damni</span> <span class='ocrx_word' id='word_1_329' title='bbox 840 3554 963 3615; x_wconf 90' lang='lat' dir='ltr'>iniuriae</span> <span class='ocrx_word' id='word_1_330' title='bbox 986 3574 1023 3615; x_wconf 87' lang='lat' dir='ltr'>ex</span> <span class='ocrx_word' id='word_1_331' title='bbox 1044 3556 1112 3632; x_wconf 86' lang='lat' dir='ltr'>lege</span> <span class='ocrx_word' id='word_1_332' title='bbox 1132 3552 1262 3630; x_wconf 88' lang='lat' dir='ltr'>Aquilia,</span> <span class='ocrx_word' id='word_1_333' title='bbox 1293 3554 1339 3614; x_wconf 82' lang='lat' dir='ltr'>de</span> 
     </span>
     <span class='ocr_line' id='line_1_38' title="bbox 250 3640 1341 3720; baseline -0.002 -19"><span class='ocrx_word' id='word_1_334' title='bbox 250 3641 337 3717; x_wconf 88' lang='lat' dir='ltr'>positi</span> <span class='ocrx_word' id='word_1_335' title='bbox 359 3660 395 3702; x_wconf 87' lang='lat' dir='ltr'>ex</span> <span class='ocrx_word' id='word_1_336' title='bbox 417 3640 594 3717; x_wconf 89' lang='lat' dir='ltr'>quibusdam</span> <span class='ocrx_word' id='word_1_337' title='bbox 615 3640 746 3701; x_wconf 87' lang='lat' dir='ltr'>casibus:</span> <span class='ocrx_word' id='word_1_338' title='bbox 770 3640 841 3701; x_wconf 90' lang='lat' dir='ltr'>item</span> <span class='ocrx_word' id='word_1_339' title='bbox 857 3641 934 3702; x_wconf 90' lang='lat' dir='ltr'>servi</span> <span class='ocrx_word' id='word_1_340' title='bbox 950 3641 1088 3720; x_wconf 90' lang='lat' dir='ltr'>corrupti,</span> <span class='ocrx_word' id='word_1_341' title='bbox 1112 3660 1187 3717; x_wconf 91' lang='lat' dir='ltr'>quae</span> <span class='ocrx_word' id='word_1_342' title='bbox 1202 3641 1341 3717; x_wconf 91' lang='lat' dir='ltr'>competit</span> 
     </span>
     <span class='ocr_line' id='line_1_39' title="bbox 225 3726 1340 3805; baseline 0 -20"><span class='ocrx_word' id='word_1_343' title='bbox 225 3742 227 3746; x_wconf 77' lang='grc'>’</span> <span class='ocrx_word' id='word_1_344' title='bbox 250 3726 282 3786; x_wconf 91' lang='lat' dir='ltr'>in</span> <span class='ocrx_word' id='word_1_345' title='bbox 305 3746 383 3799; x_wconf 90' lang='lat' dir='ltr'>eum,</span> <span class='ocrx_word' id='word_1_346' title='bbox 406 3728 488 3788; x_wconf 90' lang='lat' dir='ltr'>cuius</span> <span class='ocrx_word' id='word_1_347' title='bbox 510 3727 628 3787; x_wconf 89' lang='lat' dir='ltr'>hortatu</span> <span class='ocrx_word' id='word_1_348' title='bbox 651 3726 810 3787; x_wconf 90' lang='lat' dir='ltr'>consiliove</span> <span class='ocrx_word' id='word_1_349' title='bbox 832 3746 935 3788; x_wconf 86' lang='lat' dir='ltr'>servus</span> <span class='ocrx_word' id='word_1_350' title='bbox 957 3727 1071 3787; x_wconf 90' lang='lat' dir='ltr'>alienus</span> <span class='ocrx_word' id='word_1_351' title='bbox 1086 3726 1193 3805; x_wconf 89' lang='lat' dir='ltr'>fugerit</span> <span class='ocrx_word' id='word_1_352' title='bbox 1207 3733 1258 3787; x_wconf 90' lang='lat' dir='ltr'>aut</span> <span class='ocrx_word' id='word_1_353' title='bbox 1273 3745 1340 3787; x_wconf 91' lang='lat' dir='ltr'>con·</span> 
     </span>
     <span class='ocr_line' id='line_1_40' title="bbox 250 3812 1342 3889; baseline 0 -18"><span class='ocrx_word' id='word_1_354' title='bbox 250 3819 354 3872; x_wconf 87' lang='lat' dir='ltr'>tumax</span> <span class='ocrx_word' id='word_1_355' title='bbox 377 3812 517 3873; x_wconf 88' lang='lat' dir='ltr'>adversus</span> <span class='ocrx_word' id='word_1_356' title='bbox 535 3812 689 3874; x_wconf 91' lang='lat' dir='ltr'>dominum</span> <span class='ocrx_word' id='word_1_357' title='bbox 705 3812 799 3873; x_wconf 89' lang='lat' dir='ltr'>factus</span> <span class='ocrx_word' id='word_1_358' title='bbox 815 3820 859 3874; x_wconf 91' lang='lat' dir='ltr'>est</span> <span class='ocrx_word' id='word_1_359' title='bbox 873 3819 925 3873; x_wconf 87' lang='lat' dir='ltr'>aut</span> <span class='ocrx_word' id='word_1_360' title='bbox 939 3812 1089 3874; x_wconf 88' lang='lat' dir='ltr'>luxuriose</span> <span class='ocrx_word' id='word_1_361' title='bbox 1104 3813 1200 3873; x_wconf 83' lang='lat' dir='ltr'>vivere</span> <span class='ocrx_word' id='word_1_362' title='bbox 1215 3812 1342 3889; x_wconf 91' lang='lat' dir='ltr'>coeperit</span> 
     </span>
     <span class='ocr_line' id='line_1_41' title="bbox 253 3897 1341 3977; baseline -0.003 -18"><span class='ocrx_word' id='word_1_363' title='bbox 253 3905 304 3959; x_wconf 88' lang='lat' dir='ltr'>aut</span> <span class='ocrx_word' id='word_1_364' title='bbox 325 3898 451 3974; x_wconf 88' lang='lat' dir='ltr'>denique</span> <span class='ocrx_word' id='word_1_365' title='bbox 474 3898 603 3975; x_wconf 90' lang='lat' dir='ltr'>quolibet</span> <span class='ocrx_word' id='word_1_366' title='bbox 626 3898 715 3959; x_wconf 92' lang='lat' dir='ltr'>modo</span> <span class='ocrx_word' id='word_1_367' title='bbox 737 3899 863 3960; x_wconf 90' lang='lat' dir='ltr'>deterior</span> <span class='ocrx_word' id='word_1_368' title='bbox 884 3900 979 3960; x_wconf 88' lang='lat' dir='ltr'>factus</span> <span class='ocrx_word' id='word_1_369' title='bbox 1001 3900 1039 3959; x_wconf 88' lang='lat' dir='ltr'>sit</span> <span class='ocrx_word' id='word_1_370' title='bbox 1069 3898 1113 3977; x_wconf 89' lang='lat' dir='ltr'>(in</span> <span class='ocrx_word' id='word_1_371' title='bbox 1140 3918 1199 3976; x_wconf 91' lang='lat' dir='ltr'>qua</span> <span class='ocrx_word' id='word_1_372' title='bbox 1226 3897 1341 3957; x_wconf 88' lang='lat' dir='ltr'>actione</span> 
     </span>
     <span class='ocr_line' id='line_1_42' title="bbox 254 3982 1340 4063; baseline 0 -20"><span class='ocrx_word' id='word_1_373' title='bbox 254 3984 342 4044; x_wconf 89' lang='lat' dir='ltr'>etiam</span> <span class='ocrx_word' id='word_1_374' title='bbox 365 4002 468 4043; x_wconf 90' lang='lat' dir='ltr'>earum</span> <span class='ocrx_word' id='word_1_375' title='bbox 490 4003 603 4058; x_wconf 89' lang='lat' dir='ltr'>rerum,</span> <span class='ocrx_word' id='word_1_376' title='bbox 633 4004 706 4062; x_wconf 86' lang='lat' dir='ltr'>quas</span> <span class='ocrx_word' id='word_1_377' title='bbox 729 3984 870 4063; x_wconf 85' lang='lat' dir='ltr'>fugiendo</span> <span class='ocrx_word' id='word_1_378' title='bbox 892 4004 994 4046; x_wconf 86' lang='lat' dir='ltr'>servus</span> <span class='ocrx_word' id='word_1_379' title='bbox 1016 3986 1147 4057; x_wconf 90' lang='lat' dir='ltr'>abstulit,</span> <span class='ocrx_word' id='word_1_380' title='bbox 1176 3982 1340 4044; x_wconf 89' lang='lat' dir='ltr'>aestimatio</span> 
     </span>
    </p>
   </div>
   <div class='ocr_carea' id='block_1_4' title="bbox 253 4118 1342 4259">
    <p class='ocr_par' dir='ltr' id='par_1_6' title="bbox 253 4118 1342 4259">
     <span class='ocr_line' id='line_1_43' title="bbox 323 4118 1342 4189; baseline -0.002 -16"><span class='ocrx_word' id='word_1_381' title='bbox 323 4121 527 4189; x_wconf 83' lang='lat' dir='ltr'>¹quadruplum</span> <span class='ocrx_word' id='word_1_382' title='bbox 545 4120 623 4173; x_wconf 83' lang='lat' dir='ltr'>BPE</span> <span class='ocrx_word' id='word_1_383' title='bbox 698 4122 829 4175; x_wconf 80' lang='lat' dir='ltr'>²tantum</span> <span class='ocrx_word' id='word_1_384' title='bbox 848 4123 910 4175; x_wconf 76' lang='lat' dir='ltr'>libri</span> <span class='ocrx_word' id='word_1_385' title='bbox 987 4118 1129 4189; x_wconf 82' lang='lat' dir='ltr'>⁸plurimi]</span> <span class='ocrx_word' id='word_1_386' title='bbox 1152 4121 1187 4188; x_wconf 90' lang='lat' dir='ltr'>pl.</span> <span class='ocrx_word' id='word_1_387' title='bbox 1205 4128 1232 4172; x_wconf 85' lang='lat' dir='ltr'>et</span> <span class='ocrx_word' id='word_1_388' title='bbox 1252 4122 1342 4187; x_wconf 88' lang='lat' dir='ltr'>magni</span> 
     </span>
     <span class='ocr_line' id='line_1_44' title="bbox 253 4186 1342 4259; baseline -0.002 -16"><span class='ocrx_word' id='word_1_389' title='bbox 253 4191 329 4257; x_wconf 84' lang='lat' dir='ltr'>pretii</span> <span class='ocrx_word' id='word_1_390' title='bbox 347 4191 406 4242; x_wconf 85' lang='lat' dir='ltr'>libri</span> <span class='ocrx_word' id='word_1_391' title='bbox 484 4190 658 4257; x_wconf 72' lang='lat' dir='ltr'>*commnne]</span> <span class='ocrx_word' id='word_1_392' title='bbox 678 4190 733 4255; x_wconf 80' lang='lat' dir='ltr'>PE,</span> <span class='ocrx_word' id='word_1_393' title='bbox 757 4209 790 4245; x_wconf 86' lang='lat' dir='ltr'>ex</span> <span class='ocrx_word' id='word_1_394' title='bbox 807 4209 972 4259; x_wconf 78' lang='lat' dir='ltr'>quecumque</span> <span class='ocrx_word' id='word_1_395' title='bbox 989 4207 1068 4243; x_wconf 88' lang='lat' dir='ltr'>causa</span> <span class='ocrx_word' id='word_1_396' title='bbox 1086 4206 1177 4242; x_wconf 90' lang='lat' dir='ltr'>comm.</span> <span class='ocrx_word' id='word_1_397' title='bbox 1197 4188 1223 4239; x_wconf 91' lang='lat' dir='ltr'><strong><em>B</em></strong></span> <span class='ocrx_word' id='word_1_398' title='bbox 1240 4206 1297 4241; x_wconf 82' lang='lat' dir='ltr'>cnm</span> <span class='ocrx_word' id='word_1_399' title='bbox 1318 4186 1342 4241; x_wconf 86' lang='grc' dir='ltr'><strong><em>Θ</em></strong></span> 
     </span>
    </p>
   </div>
   <div class='ocr_carea' id='block_1_5' title="bbox 0 0 1676 4917">
    <p class='ocr_par' dir='ltr' id='par_1_7' title="bbox 0 0 1676 4917">
     <span class='ocr_line' id='line_1_45' title="bbox 0 0 1676 4917; baseline 0 0"><span class='ocrx_word' id='word_1_400' title='bbox 0 0 1676 4917; x_wconf 95' lang='lat' dir='ltr'> </span> 
     </span>
    </p>
   </div>
  </div>
 </body>
</html>
