3309 4917
323 496 469 563 1V,14.15
838 501 898 561 164
1089 515 1412 562 nennrmcarronrnns

323 671 447 733 militem
470 678 520 732 aut
542 672 695 732 mulierem
718 690 808 750 agere
829 670 896 748 quis
918 670 998 733 velit:
1025 668 1114 731 ¹nam
1128 670 1269 731 militibus
1284 687 1340 729 nec
1353 687 1409 746 pro

322 765 406 836 patre
429 758 473 818 vel
494 765 590 818 matre
612 758 656 819 vel
678 777 770 818 uxore
792 776 847 817 nec
869 777 905 818 ex
927 774 1011 818 sacro
1038 757 1179 835 rescripto
1207 754 1409 834 procuratorio

323 844 444 905 nomine
467 844 590 921 experiri
617 843 798 905 conceditur:
826 844 887 904 suis
910 862 979 904 vero
1007 842 1133 921 negotiis
1160 860 1316 919 superesse
1344 840 1410 902 sine

324 930 436 990 offensa
457 929 626 1006 disciplinae
648 936 782 1007 possunt.
828 925 895 991 ‘eas
916 948 986 990 vero
1007 928 1206 1006 exceptiones,
1234 947 1311 1004 quae
1337 927 1410 988 olim

322 1012 576 1094 ‘procuratoribus
605 1023 723 1094 propter
748 1016 902 1075 infamiam
928 1017 974 1075 vel
1000 1015 1097 1075 dantis
1119 1016 1164 1075 vel
1191 1014 1284 1091 ipsius
1306 1033 1410 1092 procu·

321 1097 443 1162 ‘catoris
472 1103 711 1179 opponebantur,
745 1120 813 1163 cum
842 1102 873 1162 in
902 1101 1015 1162 iudiciis
1041 1100 1221 1178 frequentari
1242 1101 1323 1161 nullo
1345 1120 1411 1178 per·

322 1183 488 1265 <speximus
511 1189 611 1263 modo,
634 1188 840 1264 conquiescere
862 1189 1022 1260 sancimus,
1046 1207 1094 1262 ne,
1118 1188 1190 1248 dum
1211 1187 1248 1247 de
1263 1186 1310 1247 his
1324 1187 1410 1246 alter·

322 1269 428 1348 ‘cotun
452 1274 543 1352 ipsius
565 1274 675 1351 negotii
697 1272 868 1351 disceptatio
891 1269 1075 1351 proteletur.>

662 1577 710 1634 DE
728 1480 1069 1634 REPng'iFIONIBUS.

389 1682 575 1747 ²*1nterdum
598 1686 707 1761 evenit,
731 1694 763 1747 ut
785 1687 931 1763 exceptio,
959 1706 1035 1763 quae
1057 1686 1153 1764 prima
1174 1686 1249 1747 facie
1271 1686 1348 1747 iusta
1369 1686 1409 1747 vi·

325 1769 449 1845 *deatun
473 1772 573 1849 inique
595 1779 710 1833 noceat.
748 1773 827 1849 quod
850 1792 919 1833 cum
934 1772 1046 1847 accidit,
1069 1773 1127 1833 alia
1141 1773 1319 1851 allegatione
1333 1791 1409 1850 opus

325 1854 382 1919 *est
405 1858 562 1919 adiuvandi
585 1858 691 1920 actoris
714 1859 819 1937 gratia,
844 1878 920 1935 quae
941 1858 1090 1938 replicatio
1113 1867 1241 1933 vocatur,
1266 1859 1335 1936 qrria
1355 1878 1410 1936 per

325 1940 405 2005 *eam
425 1944 582 2022 replicatur
612 1952 700 2021 atque
725 1945 880 2005 resolvitur
901 1942 967 2006 vis³
994 1945 1181 2023 exceptionis.
1225 1945 1313 2005 veluti
1339 1964 1410 2005 cum

325 2026 441 2109 *pactus
464 2038 508 2092 est
530 2030 645 2107 aliquis
658 2050 726 2091 cum
748 2031 879 2092 debitore
900 2050 964 2105 suo,
988 2051 1026 2092 ne
1044 2033 1132 2092 abeo
1147 2031 1303 2109 pecuniam
1318 2038 1409 2109 petat,

325 2113 443 2178 *deinde
466 2124 569 2196 postea
589 2117 620 2177 in
644 2117 824 2177 contrarium
846 2117 924 2194 pacti
945 2126 1029 2191 sunt,
1056 2118 1086 2178 id
1109 2124 1208 2179 estut
1229 2125 1327 2195 petere
1349 2136 1409 2177 cre

325 2199 423 2263 *ditoni
442 2202 541 2263 liceat:
565 2202 590 2261 si
612 2208 682 2279 agat
704 2203 828 2263 creditor
851 2210 879 2263 et
901 2203 1024 2280 excipiat
1039 2203 1162 2275 debitor,
1185 2210 1218 2263 ut
1231 2204 1273 2263 ita
1287 2203 1409 2263 demum

324 2285 564 2361 *condemnetun
596 2287 621 2347 ai
643 2306 705 2347 non
732 2287 913 2363 convenerit,
942 2308 980 2349 ne
1007 2308 1074 2349 eam
1099 2290 1257 2365 pecuniam
1284 2289 1410 2350 creditor

324 2370 429 2451 *petat,
459 2379 544 2434 nocet
571 2372 597 2434 ei
622 2373 768 2452 exceptio,
798 2374 935 2435 convenit
962 2373 1042 2435 enim
1071 2374 1124 2436 ita:
1156 2394 1287 2452 namque
1317 2376 1409 2435 nihilo

324 2456 437 2521 *minus
464 2461 522 2520 hoc
548 2478 652 2520 verum
679 2467 794 2534 manet,
821 2455 917 2521 <licet>
941 2467 1043 2538 postea
1069 2460 1100 2519 in
1128 2461 1309 2522 contrarium
1331 2461 1410 2539 pacti

325 2543 417 2607 *sunt
455 2547 508 2607 sed
530 2546 599 2623 quia
619 2546 755 2623 iniquum
778 2555 823 2609 est
849 2546 1020 2608 creditorem
1048 2546 1176 2621 excludi,
1204 2547 1353 2625 replicatio
1381 2547 1408 2609 ei

289 2640 304 2692 1
325 2627 454 2693 *dabitur
469 2652 505 2694 ex
520 2633 680 2709 posteriore
695 2640 781 2711 pacto
796 2639 950 2693 convento.
990 2630 1124 2693 ²Rursus
1139 2632 1288 2694 interdum
1303 2633 1407 2706 evenit,

325 2716 372 2779 *ut
392 2719 550 2796 replicatio,
568 2738 649 2797 ,quae
670 2719 767 2795 prima
787 2718 860 2779 facie
880 2719 958 2779 iusta
980 2718 1026 2793 sit,
1048 2719 1148 2795 inique
1169 2726 1283 2781 noceat.
1328 2718 1408 2795 quod

324 2801 409 2865 *cum
430 2804 541 2877 accidit,
564 2804 621 2865 alia
635 2804 810 2882 allegatione
825 2823 899 2881 opus
914 2811 959 2865 est
974 2804 1130 2865 adiuvandi
1144 2805 1186 2867 rei
1200 2805 1307 2883 gratia,
1331 2823 1410 2882 quae

288 2895 305 2949 2
324 2886 494 2969 *duplicatio
516 2896 645 2951 vocatur.
681 2888 737 2951 αΕῖ
758 2889 783 2951 si
805 2908 907 2950 rursus
928 2910 963 2951 ea
976 2890 1073 2968 prima
1087 2891 1160 2952 lacie
1175 2891 1252 2952 iusta
1266 2891 1407 2965 videatur,

325 2973 389 3037 *sed
412 2984 530 3055 propter
552 2975 682 3053 aliquam
705 2994 827 3037 causam
849 2975 947 3053 inique
969 2976 1061 3038 actori
1082 2985 1196 3055 noceat,
1219 2997 1323 3038 rursus
1342 2977 1409 3037 alle·

325 3058 459 3140 *gatione
480 3063 538 3122 alia
560 3080 634 3139 opus
657 3069 709 3135 est,
733 3081 792 3139 qua
814 3062 904 3123 actori
923 3062 1085 3136 adiuvetur,
1108 3082 1185 3140 quae
1201 3063 1306 3124 dicitur
1320 3062 1409 3139 tripli·

289 3153 306 3209 3
325 3144 425 3209 *catio
464 3146 617 3221 ²Quarum
640 3148 774 3208 omnium
797 3148 1003 3225 exceptionum
1018 3168 1108 3209 usum
1122 3150 1270 3211 interdum
1285 3148 1408 3210 ulterius

325 3230 430 3311 *quam
453 3233 580 3295 diximus
606 3233 729 3295 varietas
756 3234 944 3311 negotiorum
972 3232 1159 3297 introducit⁴z
1188 3231 1277 3312 <quas
1304 3252 1408 3311 omnes

324 3317 468 3398 <apertius
490 3340 526 3382 ex
548 3320 651 3381 latiore
672 3320 856 3397 digestorum
879 3320 1028 3381 volumine
1045 3321 1130 3383 facile
1143 3328 1188 3381 est
1202 3314 1407 3397 cognoscere?

289 3411 307 3466 4
389 3407 582 3483 Exceptiones
608 3412 721 3479 autem,
740 3405 859 3484 ¹quibus
888 3406 1002 3467 debitor
1027 3407 1204 3480 detenditur,
1233 3406 1409 3483 plerumque

325 3492 542 3552 accommodari
570 3492 666 3553 solent
688 3492 775 3553 etiem
798 3491 1019 3555 fideiussoribus
1040 3494 1115 3554 eius:
1149 3498 1178 3553 et
1207 3496 1297 3563 reete,
1328 3490 1407 3566 quia,

324 3577 403 3653 quod
426 3577 463 3636 ab
486 3577 532 3638 his
554 3578 670 3655 petitur,
693 3578 723 3639 id
745 3581 782 3640 ab
797 3578 861 3656 ipso
879 3579 1008 3642 debitore
1023 3580 1083 3658 peti
1097 3578 1218 3651 videtur,
1241 3576 1311 3654 quia
1326 3596 1409 3637 man·

324 3662 383 3723 dati
404 3662 511 3723 iudicio
533 3664 697 3725 redditurus
718 3671 763 3725 est
785 3664 841 3739 eis,
870 3667 949 3742 quod
971 3666 1002 3726 hi
1024 3685 1077 3743 pro
1100 3685 1135 3726 co
1162 3662 1311 3726 solverint.
1349 3681 1409 3740 qua
1528 3735 1529 3738 Ἴ

324 3748 437 3823 ratione
459 3754 488 3809 et
510 3748 536 3810 si
557 3749 669 3827 denon
686 3751 810 3831 petenda
825 3752 1066 3829 pecuniapactus
1081 3750 1230 3828 quiscum
1246 3768 1296 3810 reo
1311 3749 1407 3822 fuerit,
1528 3765 1529 3806 1

206 3866 242 3889 ε»
322 3835 431 3913 placuit
453 3834 575 3912 proinde
597 3838 828 3897 succurrendum
852 3857 917 3898 esse
939 3857 992 3915 per
1013 3834 1215 3913 exceptionem
1236 3837 1313 3913 pacti
1340 3854 1408 3895 cou-
1528 3899 1529 3914 χ

323 3921 402 3982 venti
423 3921 620 3999 illisquoque
641 3922 692 3999 qui
713 3942 767 4001 pro
789 3942 824 3985 eo
848 3922 969 4000 obligati
989 3928 1097 3996 essent,
1121 3939 1155 3982 ac
1170 3921 1194 3981 si
1210 3930 1239 3982 et
1254 3940 1322 3981 cum
1337 3920 1408 3998 ipsis
1528 3969 1529 4004 3

323 4015 427 4083 pactus
450 4014 541 4083 esset,
572 4027 610 4069 ne
632 4010 669 4068 ab
696 4010 737 4069 eis
761 4028 796 4069 ea
818 4010 944 4087 pecunia
965 4014 1120 4085 peteretur.
1164 4027 1237 4067 sane
1263 4007 1409 4083 quaedam
1528 4023 1529 4040 ³

396 4158 460 4227 ²cf.
475 4160 653 4229 ooa.2,12‚7
711 4142 1008 4225 ²cai.4,126...129
1038 4144 1041 4149 Δ
1069 4158 1148 4227 ⁸ric]
1168 4161 1227 4214 Gai.
1242 4158 1274 4227 Θ,
1292 4162 1334 4213 ius
1349 4160 1408 4224 PE,

324 4229 435 4281 incertus
453 4230 479 4281 B
522 4268 544 4289 .,
