3309 4917
288 433 365 499 111‚1
806 437 847 500 88
985 457 1024 502 ur
1038 454 1277 501 urnmtrartaus
1290 452 1372 509 outa

289 606 516 682 bexistimantur,
538 615 571 669 ut
593 616 621 669 et
644 626 732 685 supra
754 609 882 670 diximus
890 608 912 683 ¹,
936 608 987 686 qui
1008 609 1039 669 iu
1054 612 1200 688 potestate
1215 607 1368 669 morientis

222 709 227 719 ·
290 691 437 757 luerunt:
465 694 553 755 veluti
580 694 656 755 tilius
684 694 756 769 filia,
786 714 879 773 nepos
901 696 1032 773 neptisve
1059 695 1191 767 exsilio,
1222 693 1369 772 pronepos

290 777 489 860 *proneptisre
510 800 547 842 ex
568 788 674 858 nepote
695 780 753 841 filio
781 790 866 855 nato,
895 789 1058 859 prognatus
1087 786 1279 859 progustare.
1314 799 1370 841 nec

238 871 274 925 ta
291 863 434 939 *interest
454 873 553 928 utrum
569 867 719 928 naturales
735 876 806 928 sunt
820 866 903 929 liberi
918 886 957 928 an
972 863 1123 945 adoptivi.⁴
1158 862 1286 939 ‘Quibus
1301 884 1369 927 con-

291 948 455 1015 ‘numerari
476 970 595 1015 necesse
611 960 655 1014 est
670 952 758 1014 etiam
773 972 833 1027 eos,
857 952 907 1032 qui
929 974 965 1015 ex
984 954 1123 1031 legitimis
1138 952 1257 1031 quidem
1271 951 1370 1013 matri·

290 1034 412 1101 ‘moniis
434 1058 495 1099 non
518 1046 588 1101 sunt
609 1039 763 1117 progeniti,
787 1038 874 1101 curiis
896 1046 996 1102 tamen
1012 1040 1161 1101 civitatum
1183 1036 1243 1099 dati
1265 1057 1368 1099 secun-

291 1122 376 1186 ‘dum
400 1124 539 1186 divalium
568 1125 824 1200 constitutionum,
854 1145 932 1204 quae
961 1145 1049 1203 super
1079 1127 1125 1187 his
1153 1124 1266 1202 positae
1287 1132 1366 1198 sunt,

291 1207 441 1273 <tenorem
455 1230 578 1272 suorum
593 1212 657 1272 iura
672 1212 900 1273 nanciscuntur:
922 1232 977 1274 nec
992 1232 1053 1273 nun
1075 1231 1136 1285 eos,
1159 1228 1235 1288 quos
1250 1217 1371 1271 nostrae

293 1293 461 1375 ‘amplexae
472 1305 541 1359 sunt
553 1297 773 1359 constitutiones
781 1296 803 1372 ²,
820 1317 873 1377 per
883 1317 957 1375 quas
969 1299 1119 1373 iussimus,
1138 1295 1181 1357 *εἰ
1193 1296 1259 1375 quis
1269 1297 1370 1357 mulie

292 1380 371 1445 <rem
399 1385 430 1445 in
457 1402 511 1444 suo
539 1384 730 1446 contubernio
757 1385 934 1463 copulaverit
961 1405 1022 1446 non
1049 1386 1087 1445 ab
1113 1384 1196 1445 initio
1217 1382 1371 1445 affectione

293 1464 447 1543 <maritali,
472 1489 538 1531 eam
559 1476 673 1543 tamen,
697 1489 765 1531 cum
787 1490 846 1548 qua
868 1478 982 1548 poterat
1003 1470 1113 1533 habere
1134 1469 1319 1548 coniugium,
1343 1474 1372 1528 et

293 1552 345 1618 ‘ex
367 1576 402 1617 ea
422 1556 531 1617 liberos
545 1556 704 1629 sustulerit,
727 1564 829 1634 postea
844 1575 912 1618 vero
928 1556 1080 1619 affectione
1095 1556 1270 1635 prooedeute
1283 1554 1372 1617 etiam

293 1638 449 1720 ‘nuptialia
471 1641 667 1704 instrumenta
689 1656 758 1703 cum
780 1662 815 1704 ea
838 1642 936 1705 lecerit
951 1643 1084 1721 filiosque
1098 1643 1146 1704 vel
1167 1642 1241 1702 filias
1263 1641 1371 1701 habue

292 1723 359 1789 ‘n'tz
383 1747 444 1788 nou
467 1729 565 1788 solum
588 1747 638 1789 eos
659 1728 776 1802 liberos,
800 1730 850 1806 qui
873 1736 940 1807 post
961 1730 1059 1790 dotem
1082 1728 1150 1790 editi
1172 1734 1256 1801 suut,
1278 1726 1371 1787 iustos

264 1888 267 1892 y
294 1810 338 1875 ‘et
359 1813 388 1874 iu
412 1820 555 1891 potestate
577 1833 643 1876 esse
657 1814 798 1893 patribus,
823 1815 977 1877 sedetiam
993 1818 1163 1888 anteriores,
1186 1814 1237 1892 qui
1258 1819 1287 1874 et
1301 1810 1372 1873 his*

294 1896 359 1977 ‘qui
380 1906 482 1977 postea
504 1901 565 1961 nati
587 1908 656 1963 sunt
671 1902 856 1963 occasionem
871 1901 991 1980 legitimi
1006 1902 1135 1963 nominis
1150 1899 1371 1979 praestiterunt:

293 1981 388 2063 <quod
415 1986 547 2065 optinere
568 1987 751 2062 censuimus,
782 1989 897 2050 etiamsi
922 2008 984 2050 non
1006 1988 1152 2067 progeniti
1173 1986 1280 2047 fuerint
1305 1991 1375 2063 post·

295 2068 408 2133 ‘dotale
434 2074 664 2136 instrumentum
686 2074 851 2136 confectum
878 2075 961 2136 liberi
984 2075 1138 2136 ueletiam
1164 2073 1225 2133 nati
1252 2072 1289 2131 ab
1316 2071 1372 2131 hac

244 2160 276 2215 2b
295 2153 375 2220 ‘luoe
391 2160 531 2220 subtracti
553 2154 686 2221 luerint.>
720 2159 797 2220 ‘'lta
819 2160 938 2222 demum
961 2166 1063 2221 tamen
1086 2178 1178 2237 nepos
1192 2157 1323 2235 neptisve
1345 2163 1374 2216 et

296 2241 458 2323 *pronepus
481 2246 665 2324 proneptisve
687 2263 809 2306 suorum
833 2246 974 2306 heredum
997 2264 1122 2306 numero
1144 2249 1222 2316 sunt,
1246 2242 1270 2302 si
1293 2260 1373 2318 prae-

296 2326 419 2390 *oedens
441 2349 566 2408 persona
588 2331 703 2392 desierit
724 2331 755 2391 in
777 2338 920 2409 potestate
942 2332 1071 2407 parentis
1093 2335 1170 2403 esse,
1197 2329 1258 2389 sive
1279 2332 1374 2387 morte

297 2412 340 2477 *id
357 2415 490 2477 acciderit
513 2416 573 2478 sive
593 2417 649 2478 alia
663 2416 784 2490 ratione,
808 2418 896 2478 veluti
911 2416 1158 2494 emancipatione:
1181 2434 1253 2475 narn
1275 2414 1300 2474 si
1322 2432 1375 2492 per

296 2499 341 2563 *id
363 2510 495 2581 tempus,
526 2521 585 2581 quo
612 2502 677 2580 quis
706 2511 883 2577 moreretur,
911 2502 987 2565 filius
1014 2504 1044 2564 in
1067 2509 1210 2581 potestate
1236 2500 1299 2561 eius
1326 2500 1372 2572 sit,

297 2584 403 2667 *nepos
425 2608 461 2649 ex
483 2608 518 2649 eo
541 2608 612 2651 suus
634 2591 719 2651 heres
741 2608 806 2651 esse
828 2610 890 2651 nou
913 2597 1017 2669 potest.
1059 2590 1146 2666 idque
1168 2587 1247 2648 etin
1270 2584 1374 2647 ceteris

296 2671 447 2752 *deinceps
463 2675 622 2737 liberorum
638 2676 772 2754 personis
788 2676 898 2737 dictum
913 2676 1128 2754 intellegemus.
1158 2672 1288 2753 postumi
1303 2690 1373 2750 quo·

297 2758 377 2839 *qua
403 2761 462 2837 qui,
485 2761 510 2822 si
526 2761 589 2822 vivo
605 2770 726 2840 parente
746 2762 807 2823 nati
822 2770 930 2835 essent,
954 2762 983 2822 in
1000 2768 1145 2839 potestate
1164 2759 1253 2820 futuri
1267 2759 1373 2830 forent,

298 2844 358 2910 *sui
380 2847 501 2909 heredes
524 2845 619 2910 sunt*
657 2847 709 2909 Sui
732 2856 830 2909 autem
855 2848 944 2909 etiam
962 2848 1134 2927 ignorantes
1156 2846 1231 2906 fiunt
1252 2845 1374 2906 heredes

296 2941 335 3009 et,
356 2934 424 2995 licet
445 2933 546 2995 furiosi
568 2934 635 3009 siut,
659 2934 782 2996 heredes
804 2942 930 3013 possunt
951 2935 1089 2996 existere:
1116 2933 1186 3011 quia
1203 2932 1316 3009 ,quibus
1338 2949 1375 2991 ex

296 3020 394 3083 causis
415 3020 619 3098 ignorantibus
642 3020 802 3098 adquiritur
829 3020 929 3094 nobis,
959 3041 996 3082 ex
1017 3021 1064 3081 his
1085 3019 1181 3081 causis
1208 3026 1237 3079 et
1258 3017 1375 3079 furiosis

296 3106 409 3185 adquiri
424 3112 529 3183 potest.
563 3114 591 3167 et
606 3106 705 3168 statim
725 3115 819 3168 morte
835 3108 964 3184 parentis
983 3106 1067 3185 quasi
1082 3106 1270 3168 continuatur
1284 3102 1375 3164 domi·

296 3193 394 3253 nium:
418 3200 446 3253 et
464 3193 529 3253 ideo
545 3211 600 3254 neu
622 3194 725 3254 tutoris
748 3195 919 3255 auctoritate
941 3213 1015 3272 opus
1036 3200 1081 3255 est
1103 3192 1134 3252 iu
1156 3190 1283 3270 pupillis,
1307 3207 1376 3251 cum

297 3279 384 3341 etiam
413 3277 618 3356 ignorantibus
652 3278 829 3357 adquiritur·
847 3279 908 3340 suis
937 3280 1093 3341 heredibus
1126 3276 1288 3338 hereditas:
1322 3292 1376 3334 neu

243 3368 262 3422 4
297 3366 439 3425 curatoris
461 3382 608 3427 consensu
630 3365 793 3441 adquiritur
813 3365 933 3437 furioso,
957 3366 1008 3427 sed
1029 3366 1093 3443 ipso
1115 3363 1186 3424 iure.
1224 3361 1376 3423 Interdum

297 3456 406 3523 autern,
429 3450 494 3512 licet
517 3449 547 3510 in
569 3457 714 3528 potestate
735 3451 839 3512 mortis
862 3458 994 3530 tempore
1020 3470 1092 3513 suus
1114 3450 1202 3510 heres
1229 3443 1375 3515 nonfuit,

296 3543 396 3597 tamen
421 3555 492 3597 suus
520 3536 605 3598 heres
628 3536 742 3615 parenti
764 3537 900 3612 efficitur,
928 3538 1017 3598 veluti
1043 3536 1068 3598 si
1094 3537 1131 3595 ab
1154 3532 1289 3594 hostibus
1311 3530 1378 3607 quis

269 3628 274 3637 “
296 3640 432 3684 reversus
454 3622 540 3684 luerit
559 3630 767 3699 postmortem
783 3624 874 3702 patris
896 3624 957 3685 sui:
979 3624 1026 3684 ius
1041 3622 1120 3685 enim
1135 3616 1307 3699 postliminii
1320 3616 1378 3675 hoc

244 3711 277 3765 51
295 3708 373 3770 tacit.
418 3707 475 3768 Per
497 3710 679 3771 eontrarium
702 3709 797 3773 evenit
818 3717 864 3782 ut,
887 3709 953 3770 licet
975 3709 1041 3786 quis
1065 3708 1096 3769 iu
1118 3704 1228 3767 familia
1250 3701 1378 3765 defuncti

295 3795 333 3856 sit
354 3794 459 3855 mortis
481 3802 630 3873 tempore,
654 3804 755 3857 tamen
778 3814 850 3856 suus
872 3796 958 3855 heres
980 3793 1129 3866 nuntiat,
1154 3790 1241 3852 veluti
1263 3790 1288 3850 si
1311 3794 1378 3867 post

295 3878 422 3942 mortem
446 3900 531 3941 suam
559 3889 642 3959 pater
664 3882 808 3943 iudicatus
830 3881 917 3942 tuerit
944 3900 1012 3941 reus
1034 3876 1241 3958 perduellionis
1268 3894 1302 3936 ac
1327 3893 1380 3953 per

295 3966 352 4029 hoc
367 3966 511 4028 memoria
534 3966 597 4029 eius
612 3967 754 4029 damnata
776 3967 877 4029 luerit:
901 3984 989 4028 suum
1011 3966 1092 4027 enim
1108 3964 1247 4027 heredem
1269 3962 1380 4022 habere

367 4102 503 4172 12‚19‚2
583 4100 860 4170 ’contentum
934 4095 1382 4171 ⁸uiquis...fuorint=(lomb,

299 4171 386 4241 27‚11
458 4175 576 4241 ‘quiet
594 4171 644 4241 his]
662 4170 793 4239 Bacca,
811 4174 914 4240 quibet
932 4172 1021 4225 hisl'
1087 4167 1272 4237 auctaas
