3309 4917
313 447 425 515 rv,1.2
754 451 964 550 -1—38-
995 470 1034 514 oa
1049 470 1118 515 orn.
1133 470 1164 526 o.
1180 471 1221 517 ax
1235 471 1302 517 nun.
1317 472 1402 519 uaso.

314 619 409 683 *diam
433 641 495 683 non
517 628 661 700 praestat,
692 622 743 683 sod
765 629 884 684 tautum
905 622 935 683 in
958 642 994 684 eo
1016 622 1162 684 obnoxius
1189 629 1249 697 est,
1278 624 1306 685 si
1332 625 1403 702 quid

315 706 392 786 *ipse
413 709 482 769 dolo
505 710 585 769 malo
607 709 719 770 lecerit:
743 728 801 786 qua
824 710 861 770 de
881 728 973 770 causa
994 709 1019 769 si
1041 728 1089 770 res
1104 709 1131 769 ei
1144 710 1285 788 subrepta
1306 710 1403 786 tuerit,

315 790 399 872 *quia
420 794 618 856 restituendae
639 794 724 856 eius²
746 795 868 856 nomine
890 794 1015 873 depositi
1035 815 1097 856 non
1118 802 1235 857 tenetur
1249 814 1305 857 uec
1318 798 1357 858 ob
1372 797 1403 859 id

314 876 392 941 *eius
414 880 535 942 interest
556 899 619 941 rem
641 882 754 941 salvam
769 900 845 954 esse,
868 881 938 942 furti
952 900 1041 959 agere
1054 900 1116 942 non
1131 887 1237 959 potest,
1261 882 1403 945 cedford

211 974 302 1045 18(20)
316 962 407 1028 *actio
430 966 550 1027 domino
573 966 720 1043 competit.
767 964 820 1027 ²In
848 984 968 1029 mmma
989 967 1141 1029 sciendum
1163 974 1208 1029 est
1235 969 1403 1045 quaesitum

314 1049 409 1125 *esse‚
439 1072 479 1113 an
500 1051 637 1130 impubes
663 1072 726 1113 rem
754 1052 881 1115 alienam
907 1053 1073 1114 amovendo
1100 1052 1212 1114 furtum
1240 1055 1337 1121 iaciat.
1374 1060 1402 1116 et

313 1136 432 1217 “placet
455 1137 525 1215 quia
546 1138 658 1199 lurtum
680 1158 717 1199 ex
739 1140 845 1201 affectu
866 1139 1008 1213 consistit,
1032 1139 1072 1200 ita
1086 1139 1209 1201 demum
1226 1140 1352 1218 obligari
1366 1160 1402 1202 eo

314 1220 452 1285 *crimine
466 1225 660 1302 impuberem,
685 1225 709 1285 si
724 1224 878 1303 proximus
890 1225 1036 1302 pubertati
1051 1225 1090 1286 sit
1103 1232 1133 1286 at
1148 1227 1188 1287 ob
1206 1226 1237 1287 id
1251 1226 1403 1305 intellegat

209 1306 362 1387 19(21)*se
384 1306 578 1387 delinquere.⁴
613 1310 695 1371 Furti
717 1311 792 1371 actio
816 1312 877 1371 sive
891 1311 972 1388 dupli
987 1310 1048 1372 sive
1061 1312 1218 1389 quadrupli
1232 1318 1349 1373 tantum
1363 1312 1402 1373 ad

313 1416 426 1475 poenae
453 1396 685 1473 persecutionem
714 1397 854 1475 pertinet:
886 1417 958 1458 nam
983 1396 1077 1475 ipsius
1100 1398 1141 1458 rei
1168 1399 1401 1476 persecutionem

313 1483 494 1545 extrinsecus
516 1482 606 1543 habet
622 1482 769 1557 dominus,
792 1503 883 1561 quam
898 1491 949 1544 aut
964 1482 1139 1545 vindicando
1154 1492 1206 1545 aut
1220 1484 1401 1546 condicendo

312 1575 409 1647 potest
429 1568 553 1630 auterre.
586 1569 638 1629 sad
661 1568 816 1630 vindicatio
838 1569 956 1647 quidem
975 1570 1115 1630 adversus
1130 1590 1333 1648 possessorem
1347 1578 1400 1643 est,

313 1656 374 1716 sive
388 1655 435 1715 tur
449 1654 512 1732 ipse
527 1654 656 1732 possidet
672 1654 732 1717 sive
746 1655 822 1715 alius
837 1655 972 1732 quilibet:
988 1655 1132 1716 condictio
1144 1662 1245 1717 autem
1260 1657 1401 1717 adversus

313 1741 411 1819 ipsum
434 1741 529 1801 furem
551 1740 726 1802 beredcmve
748 1740 819 1815 eius,
843 1742 910 1802 licet
932 1760 994 1803 non
1016 1741 1173 1819 possideat,
1198 1742 1345 1820 competit.

866 1963 879 2003 a

611 2064 667 2119 VI‘
685 1964 870 2120 Bonouddt
889 2064 1103 2121 sardonum

382 2169 473 2245 l'Qui
494 2191 542 2233 res
564 2171 676 2233 alienas
705 2172 793 2249 rapit,
821 2178 939 2233 tenetur
964 2172 1084 2247 quidem
1109 2172 1199 2232 etiam
1225 2172 1295 2232 furti
1322 2173 1403 2249 (quis

316 2257 411 2318 ‘enim
434 2257 531 2335 magis
553 2255 679 2317 alienam
702 2276 767 2317 rem
789 2256 879 2317 invito
901 2256 1023 2317 domino
1045 2262 1216 2329 contrectat,
1239 2276 1331 2333 quam
1350 2256 1402 2333 qui

316 2337 359 2402 *vi
381 2342 475 2419 rapit?
497 2342 621 2418 ideoque
642 2347 720 2402 recte
742 2340 853 2401 dictum
868 2348 913 2402 est
928 2360 997 2402 eum
1012 2341 1183 2419 improbum
1197 2342 1293 2402 furem
1308 2343 1401 2418 asael:

315 2423 383 2489 *sed
405 2435 505 2490 tamen
528 2425 677 2506 propriam
700 2426 847 2487 actionem
870 2426 933 2487 eius
955 2426 1052 2489 delicti
1074 2427 1196 2490 nomine
1217 2435 1334 2507 praetor
1360 2428 1402 2488 in·

316 2509 473 2589 *traduxit,
503 2532 579 2591 quae
606 2514 769 2592 appellatur
795 2512 825 2573 vi
852 2514 999 2576 bonorum
1026 2521 1180 2591 raptorum
1209 2522 1239 2575 et
1259 2521 1304 2575 est
1325 2514 1403 2575 intra

315 2596 444 2662 *annum
467 2599 631 2677 quadrupli,
656 2608 722 2677 post
743 2619 857 2660 annum
886 2599 994 2677 simpli.
1031 2618 1109 2677 quae
1137 2600 1213 2661 actio
1241 2600 1320 2661 utilis
1346 2607 1400 2675 est,

315 2682 445 2747 'etiamsi
467 2686 534 2764 quis
556 2702 648 2746 unam
671 2704 735 2746 rem
756 2686 823 2747 licet
844 2686 1000 2747 minimam
1014 2681 1169 2764 rapuerit*
1203 2686 1402 2765 quadruplum

314 2778 498 2833 autemnon
520 2777 616 2832 totum
644 2790 741 2849 poena
769 2778 814 2833 est
841 2778 871 2833 et
897 2778 979 2833 extra
1005 2791 1133 2851 poenam
1161 2773 1204 2833 rei
1228 2771 1401 2851 persecutio,

314 2856 390 2919 sicin
411 2858 441 2918 in
464 2858 579 2918 actione
599 2857 669 2918 furti
691 2857 841 2919 manifesti
862 2858 1006 2920 diximus:
1028 2859 1081 2919 sed
1102 2859 1134 2919 in
1149 2858 1312 2937 quadruplo
1326 2858 1403 2919 inest

313 2951 343 3005 et
365 2943 407 3005 rei
429 2944 601 3022 persecutio,
625 2951 658 3004 ut
673 2962 769 3022 poena
783 2944 862 3021 tripli
877 2945 923 3018 sit,
948 2944 1008 3005 sive
1022 2944 1290 3023 comprehendatur
1304 2952 1405 3022 raptor

313 3029 344 3090 in
366 3030 432 3107 ipso
454 3029 558 3091 delicto
580 3030 640 3091 sive
662 3048 734 3091 non.
769 3030 924 3091 ridiculum
946 3037 993 3091 est
1013 3030 1093 3091 enim
1115 3031 1233 3092 levioris
1254 3050 1321 3092 esse
1335 3049 1403 3092 con·

280 3124 297 3177 1
315 3114 439 3176 dicionis
461 3135 530 3177 eum
552 3116 603 3194 qui
625 3116 653 3177 vi
674 3116 759 3195 rapit,
783 3135 873 3193 quam
891 3117 943 3194 qui
957 3118 1034 3177 clam
1049 3124 1175 3178 amovet.
1213 3116 1290 3190 Quia
1303 3124 1403 3178 tamen

317 3201 358 3263 ita
386 3202 525 3280 competit
551 3203 624 3263 baec
652 3202 741 3276 actio,
771 3201 796 3263 si
824 3202 893 3263 dolo
922 3204 1001 3263 malo
1030 3203 1154 3280 quisque
1181 3203 1323 3281 rapueritr
1353 3199 1404 3277 qui

317 3287 416 3364 aliquo
439 3308 537 3349 errore
557 3288 694 3349 inductus
722 3306 808 3350 suam
834 3308 899 3349 rem
925 3308 991 3349 esse
1017 3296 1046 3349 ct
1073 3288 1245 3367 imprudens
1270 3287 1341 3348 iuris
1367 3304 1402 3347 eo

317 3373 419 3435 animo
447 3374 555 3453 rapuit,
583 3374 668 3451 quasi
696 3373 817 3434 domino
846 3373 930 3435 liceat
956 3393 1020 3435 rem
1046 3394 1132 3436 suam
1161 3375 1249 3435 etiam
1271 3391 1323 3450 per
1343 3371 1402 3432 vim

318 3460 433 3520 auferre
455 3460 684 3537 possessoribus,
706 3460 820 3521 absolvi
843 3460 937 3522 debet.
961 3461 1008 3521 cui
1029 3461 1138 3522 scilicet
1159 3457 1337 3520 conveniens
1358 3458 1403 3518 est

314 3564 369 3605 nec
391 3545 460 3605 furti
482 3545 575 3606 teneri
596 3564 679 3619 eum,
708 3544 758 3622 qui
780 3545 884 3606 eodem
907 3547 965 3607 hoc
986 3547 1087 3607 animo
1113 3544 1218 3621 rapuit.
1257 3539 1324 3604 <sod
1353 3562 1401 3617 ne,

313 3625 401 3692 <dum
433 3630 503 3691 talia
531 3631 747 3709 excogitentur,
782 3631 948 3693 inveniatur
978 3631 1037 3705 via,
1072 3650 1124 3709 per
1151 3648 1244 3707 quam
1269 3635 1403 3706 raptores

313 3711 451 3794 <impune
473 3736 557 3777 suam
581 3725 736 3779 exerceant
758 3718 927 3779 avaritiam:
955 3717 1061 3778 melius
1089 3716 1233 3777 divalibus
1264 3715 1404 3776 constitu·

314 3797 480 3865 ‘tionibus‘
502 3822 555 3880 pro
577 3803 633 3864 hac
655 3809 738 3880 parte
763 3810 952 3881 prospectum
978 3810 1036 3875 ost,
1068 3808 1101 3862 ut
1126 3801 1238 3863 nemini
1266 3800 1350 3862 liceat
1375 3799 1404 3859 vi

313 3883 433 3968 ‘rapere
455 3908 519 3950 rem
541 3888 683 3950 mobilem
699 3890 744 3950 vel
764 3908 796 3949 se
811 3897 991 3963 moventem,
1016 3888 1082 3949 licet
1096 3907 1184 3949 suam
1198 3887 1324 3949 eandam
1338 3906 1403 3947 rem

386 4022 480 4092 ¹oius]
500 4024 586 4078 aaut.
614 4025 670 4077 eius
688 4026 726 4079 rei
743 4022 795 4076 BP
855 4025 866 4056 ¹
885 4024 945 4078 aas.
957 4021 983 4090 3,
992 4022 1053 4079 207.
1063 4021 1115 4079 208
1177 4022 1249 4092 ⁸01⁴.
1262 4017 1403 4090 th.47,8

317 4092 462 4157 coeam
526 4065 596 4162 wil
612 4095 637 4145 A
664 4095 696 4146 a
714 4093 779 4146 vra
795 4095 877 4147 aar.
944 4091 1129 4159 ‘casamo
1193 4092 1278 4161 ‘Du-
1289 4091 1315 4157 4,
1325 4089 1350 4157 a,
1362 4087 1403 4144 13.

313 4160 357 4228 rs,
368 4162 418 4229 qr
433 4162 495 4216 coa.
505 4161 530 4226 a,
539 4162 582 4229 aa,
591 4161 616 4218 4.
629 4135 654 4229 d,
663 4162 688 4229 4,
699 4160 723 4216 r.
736 4160 770 4215 10
