3309 4917
293 431 342 499 111,
355 432 406 487 ot
811 438 871 500 102
1131 458 1170 501 nr
1185 457 1380 503 sucorssrour

292 603 395 669 <fratre
418 616 446 669 et
469 627 569 669 sorore
591 609 791 687 emancipatis
815 610 866 686 qui
888 610 925 669 ad
946 611 1164 671 suooessionem
1186 611 1310 672 fratnrm
1332 613 1378 672 vel

292 689 444 754 ‘sororum
466 701 618 768 vocantur,
641 694 691 772 qui
713 696 768 756 etsi
791 696 885 774 eapite
908 696 1051 757 deminuti
1074 705 1152 770 sunt,
1175 706 1275 759 tamen
1297 717 1378 775 prae·

284 775 441 843 r‘feruntur
463 780 565 843 ceteris
587 781 732 842 ulterioris
755 782 866 861 gradus
889 778 1055 865 adgnatis’.

859 986 872 1025 1

489 1158 492 1161 Ι
545 1086 593 1140 DE
610 987 853 1142 succusslohlh
871 1086 1120 1144 LIBERTORUM.

359 1190 481 1255 ritune
503 1194 539 1254 de
559 1192 730 1254 libertorum
752 1193 840 1254 bonis
862 1194 1023 1256 videamus.
1061 1195 1131 1256 olim
1153 1195 1251 1272 itaque
1272 1194 1378 1255 licebat

295 1275 411 1341 *liberto
431 1287 589 1357 patronum
611 1299 699 1340 suum
722 1279 843 1357 impune
857 1287 1034 1341 testamento
1049 1282 1220 1361 praeterire:
1245 1300 1315 1341 nam
1336 1282 1377 1340 ita

294 1362 429 1427 *demum
451 1367 498 1427 lex
513 1364 667 1426 duodecim
690 1367 858 1426 tabularum
881 1367 918 1427 ad
933 1367 1124 1428 hereditatem
1145 1367 1240 1428 liberti
1255 1368 1378 1427 vocabat

294 1448 476 1529 *patronum
500 1450 525 1512 si
539 1452 694 1513 intestatus
709 1458 845 1513 mortuus
864 1461 941 1514 esset
955 1453 1076 1514 libertus
1096 1454 1176 1514 nullo
1199 1473 1254 1515 suo
1268 1452 1379 1514 herede

293 1534 417 1602 'relicto
463 1538 562 1615 itaque
590 1537 727 1599 intestato
755 1557 872 1615 quoque
895 1546 1012 1600 mortuo
1041 1540 1159 1612 liberto,
1189 1539 1215 1599 si
1241 1538 1375 1599 issuum

293 1620 446 1685 'heredem
469 1623 645 1700 reliquisset,
676 1623 749 1683 nihil
776 1624 807 1684 in
832 1624 917 1685 bonis
939 1626 1002 1687 eius
1024 1634 1149 1703 patrono
1171 1625 1217 1686 ius
1240 1632 1310 1686 erat.
1348 1633 1377 1686 et

294 1706 333 1770 *si
356 1710 474 1789 quidem
501 1729 538 1770 ex
560 1710 745 1771 naturalibus
768 1710 867 1771 liberis
889 1710 1017 1788 aliquem
1040 1732 1128 1771 snum
1151 1711 1291 1789 heredem
1312 1711 1377 1772 reli·

294 1792 427 1873 *quisset
451 1796 534 1856 nulla
548 1796 699 1857 videbatur
715 1797 861 1873 querella:
884 1797 992 1858 sivero
1008 1798 1161 1876 adoptivus
1176 1798 1252 1857 lilius
1268 1805 1345 1859 esset
1352 1795 1375 1871 ³,

259 1887 272 1940 1
294 1877 407 1959 *aperte
434 1882 569 1958 iniquum
592 1889 654 1943 erat
679 1882 752 1943 nihil
780 1882 852 1943 iuris
874 1890 999 1961 patrono
1022 1903 1186 1961 superesse.
1226 1881 1311 1957 ²Qua
1339 1884 1377 1943 de

294 1963 397 2029 *eausa
419 1975 521 2047 postea
537 1968 678 2046 praetoris
693 1968 786 2030 edicto
808 1969 883 2029 haee
903 1970 974 2030 iuris
990 1970 1129 2047 iniquitas
1143 1970 1299 2031 emendata
1321 1975 1375 2032 est.

293 2050 368 2115 'sive
390 2054 469 2115 enim
491 2054 615 2115 faciebat
636 2061 846 2116 testamentum
868 2055 1005 2128 libertus,
1027 2055 1182 2117 iubebatur
1203 2056 1244 2116 ita
1264 2055 1374 2129 testari,

294 2135 340 2201 *nt
362 2148 487 2218 patrono
509 2147 622 2217 partem
646 2140 796 2201 dimidiam
819 2142 967 2203 bonorum
990 2162 1112 2203 suorum
1134 2142 1323 2219 relinqueret:
1347 2147 1376 2202 et

284 2221 334 2285 *si
355 2232 405 2286 aut
431 2225 504 2286 nihil
525 2231 576 2285 aut
598 2226 697 2286 minus
720 2226 810 2304 partis
833 2227 969 2289 dimidiae
991 2228 1156 2306 reliquerat,
1180 2228 1304 2287 dabatur
1326 2247 1376 2305 pa-

294 2307 396 2371 *trono
418 2319 521 2372 eontra
542 2312 658 2371 tabulas
680 2313 846 2373 testamenti
868 2313 958 2391 partis
980 2313 1285 2374 dimidiae'bonorum
1307 2332 1373 2389 pos·

296 2392 412 2461 *sessio
454 2397 478 2457 si
500 2396 589 2458 rern‘
611 2397 766 2460 intestatus
787 2398 968 2478 moriebatur
989 2418 1043 2462 suo
1066 2401 1174 2461 herede
1195 2399 1294 2460 relicto
1316 2399 1376 2461 filio

294 2480 458 2561 adoptivo,
491 2483 617 2544 dabatur
638 2503 732 2561 aeque
753 2492 878 2564 patrono
900 2493 1003 2547 eontra
1023 2487 1104 2547 hunc
1126 2506 1213 2546 suum
1236 2482 1375 2546 heredem

293 2564 398 2647 *partis
427 2569 564 2631 dimidiae
591 2571 739 2631 bonorum
765 2572 923 2649 possessio.
974 2572 1113 2651 prodesse
1141 2578 1240 2632 autem
1271 2571 1375 2632 liberto

293 2650 475 2717 '‘solebant'
486 2656 523 2717 ad
535 2657 749 2717 excludendum
761 2665 919 2735 patronum
931 2659 1081 2719 naturales
1091 2658 1184 2731 liberi,
1201 2676 1262 2717 non
1277 2658 1374 2717 solum

293 2737 382 2818 *quos
406 2742 437 2802 in
461 2748 603 2821 potestate
625 2743 728 2804 mortis
750 2750 882 2821 tempore
903 2744 1041 2821 habebat,
1064 2743 1226 2805 sedetiam
1249 2743 1374 2803 emanci-

293 2823 367 2906 *pati
390 2835 417 2889 et
440 2827 471 2888 in
495 2828 682 2906 adoptionem
705 2828 777 2904 dati,
806 2830 943 2902 simodo
970 2850 1007 2891 ex
1029 2832 1128 2909 aliqua
1148 2837 1230 2908 parte
1252 2829 1375 2890 heredes

293 2909 406 2993 *scripti
421 2922 506 2976 erant
521 2919 572 2975 aut
587 2915 731 2994 praeteriti
747 2923 850 2976 eontra
864 2917 979 2992 tabulas
993 2918 1141 2977 bonorum
1156 2915 1373 2994 possessionem

292 2996 343 3061 *ex
366 3001 460 3063 edicto
491 3002 649 3080 petierant:
679 3021 751 3063 nam
779 3002 944 3063 exheredati
970 3003 1052 3064 nullo
1079 3002 1168 3063 modo
1195 3003 1374 3082 repellebant

254 3092 271 3147 2
292 3082 476 3165 *patronum
513 3084 637 3149 2Ροεῑεει
659 3089 725 3165 lege
743 3087 835 3165 Papia
857 3089 981 3149 adaucta
1002 3096 1072 3149 sunt
1092 3089 1157 3149 iura
1171 3096 1372 3168 patronorum,

290 3167 386 3250 '‘qui'
408 3174 613 3251 locupletiores
641 3172 761 3235 libertos
783 3168 973 3236 <habebant'.
1007 3181 1127 3235 cautum
1155 3181 1199 3234 est
1220 3174 1313 3246 enim,
1340 3180 1373 3234 ut

289 3255 340 3320 *ex
363 3259 449 3321 bonis
472 3259 549 3333 eius,
582 3259 632 3337 qui
653 3260 854 3321 sestertiorum
881 3269 999 3321 eentum
1027 3260 1141 3320 milium
1163 3259 1372 3338 patrimonium

289 3341 454 3424 *reliquerit
476 3352 504 3405 et
527 3345 679 3424 pauciores
702 3364 792 3423 quam
807 3353 868 3407 tres
885 3346 995 3408 liberos
1010 3346 1146 3418 habebat,
1170 3346 1229 3405 sive
1243 3344 1268 3403 is
1283 3350 1370 3404 testa·

289 3425 407 3491 *mento
424 3430 507 3501 ‚facto
531 3431 591 3491 sive
613 3431 749 3492 intestato
772 3439 908 3493 mortuus
935 3440 1010 3512 erat,
1034 3432 1123 3493 virilis
1151 3450 1220 3509 pars
1247 3436 1372 3507 patrono

290 3511 478 3578 *debebatur
506 3516 604 3593 itaque
626 3535 694 3577 oum
715 3537 808 3578 unum
826 3518 917 3579 illium
933 3519 1059 3579 filiamve
1073 3518 1211 3594 heredem
1226 3514 1373 3593 reliquerit

290 3597 438 3674 *libertus
462 3602 583 3681 perinde
604 3622 672 3681 pars
695 3603 814 3664 dimidia
836 3613 960 3683 patrono
982 3605 1151 3677 debehatur,
1174 3620 1209 3663 ae
1229 3602 1253 3662 si
1267 3601 1293 3661 is
1308 3601 1373 3670 sine

290 3683 366 3748 *ullo
388 3686 449 3748 filio
472 3686 587 3750 filiave⁵
610 3685 813 3751 <decessisset>
821 3713 828 3751 :
859 3710 928 3751 cum
955 3691 1028 3752 duos
1055 3691 1164 3751 duasve
1186 3688 1308 3749 heredes
1330 3706 1373 3748 re

291 3770 438 3851 *liquerat
456 3774 541 3835 tertia
555 3795 624 3853 pars
639 3776 798 3837 debebatur
808 3784 948 3854 patrono:
964 3778 989 3837 si
1005 3785 1063 3839 tres
1074 3777 1238 3853 reliquerat,
1254 3775 1372 3851 repelle·

252 3856 390 3921 3*hatur
410 3858 579 3939 patronus*
614 3856 687 3939 <Sed
710 3870 812 3925 nostra
833 3862 1033 3937 constitutor,
1056 3882 1146 3940 quam
1169 3881 1222 3940 pro
1237 3859 1372 3922 omnium

356 4012 834 4085 ¹0fidat.3‚39..761>59.38,2
859 4013 958 4078 dodo,
972 4013 1044 4069 413
1125 4008 1372 4075 ’dat.3‚39..42

286 4082 393 4151 ⁸esset]
414 4083 497 4137 Talai.
523 4086 615 4137 luisset
632 4085 657 4136 B
722 4087 774 4138 ‘si
791 4082 864 4153 vero]
888 4084 969 4139 wal.
985 4082 1016 4148 Θ,
1036 4087 1091 4138 sive
1108 4084 1135 4137 B
1199 4084 1264 4134 ‘rio
1281 4081 1373 4148 scripsi

283 4168 340 4204 oum
359 4153 426 4205 Gaio
444 4162 468 4206 et
487 4122 518 4218 ὁ,
536 4161 644 4207 testatus
661 4155 709 4207 ina.
721 4154 754 4221 B,
772 4157 909 4207 intestatus
926 4156 975 4208 im.
993 4155 1018 4205 Τ
1084 4154 1096 4186 ⁸
1119 4151 1182 4206 ooo.
1196 4150 1221 4217 6,
1231 4150 1286 4217 4,4
