3309 4917
249 457 287 501 on
302 455 437 502 manners
784 439 803 500 9
1251 431 1337 497 1‚4.5

143 651 149 658 ·
252 612 344 672 altero
366 609 501 672 libertino
523 611 614 670 altero
636 609 778 686 ingenuo.
808 610 912 671 sedet
935 607 959 668 si
982 607 1047 684 quis
1070 627 1107 670 ex
1128 614 1222 668 matre
1244 607 1339 686 libera

251 704 402 770 nascatur,
424 702 506 774 patre
529 714 623 768 servo,
646 695 795 774 ingenuus
820 696 913 757 nihilo
937 693 1036 754 minus
1059 694 1202 756 nascitur:
1237 712 1337 770 quem·

252 783 414 844 admodum
430 782 480 859 qui
503 801 540 842 ex
553 789 648 842 matre
661 782 755 843 libera
777 789 805 844 et
827 783 939 843 incerto
962 787 1146 857 patronatus
1168 788 1222 854 ert,
1246 797 1338 856 quon·

251 869 311 929 iam
344 870 434 946 vulgo
472 874 632 944 conceptus
666 875 719 929 est.
773 867 902 929 ¹sufficit
932 862 1068 928 ‘autem'
1093 867 1216 927 liberam
1248 865 1340 927 fuisse

252 962 378 1016 matrem
401 973 437 1015 eo
452 961 585 1032 tempore
599 973 659 1030 quo
680 954 820 1028 nascitur,
844 954 911 1015 licet
933 952 1039 1014 ancilla
1055 952 1228 1030 conceperit.
1251 959 1281 1013 et
1302 971 1340 1013 ex

252 1041 398 1102 contrario
420 1041 446 1101 si
460 1041 552 1101 libera
571 1040 745 1118 conceperit,
768 1039 872 1101 deinde
895 1039 999 1100 ancilla
1014 1039 1091 1100 lacta
1106 1038 1209 1116 pariat,
1233 1037 1340 1116 placuit

252 1146 321 1188 eum
354 1127 405 1204 qui
437 1126 567 1187 nascitur
595 1125 720 1187 liberum
753 1126 850 1199 nasci,
882 1125 951 1203 quia
983 1145 1044 1185 non
1072 1125 1159 1185 debet
1188 1124 1340 1185 calamitas

251 1214 355 1275 matris
382 1213 408 1273 ei
430 1231 552 1286 nocere,
580 1211 631 1289 qui
652 1212 684 1273 in
705 1220 789 1273 utero
813 1219 867 1272 est.
903 1230 939 1272 ex
961 1211 1007 1271 his
1031 1217 1059 1271 et
1080 1210 1151 1271 illud
1173 1211 1340 1288 quaesitum

252 1306 306 1372 est,
330 1299 355 1361 si
377 1298 483 1359 ancilla
505 1317 676 1376 praegnans
699 1298 885 1359 manumissa
907 1297 957 1370 sit,
981 1296 1087 1358 deinde
1109 1296 1215 1357 ancilla
1238 1302 1341 1374 postea

252 1386 329 1446 facta
350 1385 474 1464 peperit,
502 1384 629 1444 liberum
657 1405 696 1445 an
718 1404 837 1446 serrum
860 1383 973 1462 pariat?
1009 1389 1037 1442 et
1058 1382 1213 1442 Marcellus
1235 1382 1341 1459 probat

251 1472 378 1533 liberum
393 1471 488 1533 nasci:
512 1470 618 1531 sufficit
632 1471 713 1531 enim
735 1470 761 1532 ei
775 1470 826 1547 qui
849 1470 879 1530 in
894 1475 996 1530 ventre
1016 1475 1061 1528 est
1074 1468 1198 1528 liberam
1214 1475 1340 1527 matrem

252 1559 300 1618 vel
320 1557 418 1618 medio
439 1563 572 1634 tempore
593 1557 746 1618 habuisse:
773 1557 852 1634 quod
874 1563 903 1617 et
926 1574 1027 1616 rerum
1050 1560 1104 1614 est.
1143 1550 1219 1613 Cum
1241 1559 1342 1613 autem
1362 1559 1375 1612 1

252 1645 400 1720 ingenuus
423 1643 529 1720 aliquis
551 1650 639 1702 natus
661 1643 706 1717 sit,
730 1660 792 1704 non
814 1641 904 1703 officit
925 1640 966 1701 illi
989 1641 1019 1701 in
1042 1640 1179 1701 servitute
1200 1639 1291 1700 luisse
1313 1645 1342 1699 et

252 1736 356 1807 postea
388 1729 607 1790 manumissum
639 1748 720 1791 esse:
754 1729 926 1806 saepissime
959 1727 1039 1788 enim
1072 1726 1265 1787 coustitutum
1299 1731 1343 1786 est

254 1816 404 1877 natalibus
426 1835 488 1876 non
510 1815 628 1875 officere
649 1815 927 1876 manumissionem.

781 2001 825 2062 vn

658 2103 705 2157 DE
723 2102 940 2158 LIBERTINIS.

324 2207 500 2271 ³*Libertini
528 2217 611 2285 sunt,
642 2211 691 2288 qui
719 2229 756 2270 ex
784 2210 862 2270 iusta
885 2209 1023 2270 servitute
1045 2207 1220 2270 manumissi
1248 2203 1342 2266 sunt*

161 2293 166 2298 ’
256 2297 472 2359 *manumissio
496 2305 595 2357 autem
618 2303 663 2357 est
677 2297 777 2358 datio⁵
791 2296 949 2357 libertatis:
973 2314 1045 2355 nam
1061 2295 1202 2372 quamdiu
1224 2293 1290 2371 quis
1313 2291 1344 2351 in

257 2384 396 2446 servitute
418 2389 472 2456 est,
494 2383 598 2444 manui
620 2390 648 2443 et
663 2383 798 2461 potestati
821 2381 990 2460 suppositus
1013 2389 1067 2454 est,
1092 2388 1120 2442 et
1142 2379 1345 2441 manumissus

257 2472 398 2531 liberatur
419 2476 572 2548 potestate.
596 2488 672 2546 quae
694 2489 741 2530 res
764 2489 782 2528 a
803 2469 867 2529 iure
882 2468 1016 2546 gentium
1040 2466 1184 2545 originem
1208 2463 1344 2542 sumpsit,

256 2564 358 2635 utpote
388 2575 456 2617 cum
488 2555 551 2615 iure
583 2555 708 2615 naturali
735 2573 840 2616 omnes
862 2554 944 2615 liberi
967 2560 1157 2614 nascerentur
1186 2569 1242 2611 nac
1268 2557 1346 2610 esset

256 2650 328 2703 nota
353 2641 563 2714 manumissio,
597 2660 665 2701 cum
692 2641 815 2702 servitus
847 2647 924 2701 esset
954 2639 1119 2717 incognita:
1151 2637 1203 2698 sed
1234 2643 1345 2714 postea-

258 2748 349 2806 quam
376 2728 439 2788 iure
466 2727 598 2804 gentium
627 2727 751 2788 servitus
781 2727 900 2800 invasit,
933 2733 1066 2787 secutum
1098 2731 1142 2785 est
1171 2722 1346 2783 beneficium

257 2813 512 2875 manumissionis.
547 2820 664 2874 etcum
687 2833 749 2874 uno
771 2810 944 2873 communi⁶
967 2811 1087 2872 nomine
1109 2810 1245 2870 homines
1268 2808 1344 2885 apel·

203 2924 205 2926 ·
256 2898 416 2972 latemur‘l,
447 2898 509 2957 iure
536 2901 671 2974 gentium
698 2899 754 2958 tria
776 2917 887 2976 genera
909 2897 1066 2957 hominum
1089 2915 1153 2955 esse
1175 2899 1343 2970 coeperunt,

256 2983 345 3045 liberi
371 2990 399 3042 et
425 2982 473 3044 his
495 2985 675 3044 contrarium
698 2985 773 3043 servi
800 2991 829 3043 et
855 2982 974 3042 tertium
1002 3000 1097 3058 genus
1124 2978 1263 3052 libertini,
1295 2977 1346 3054 qui

257 3069 403 3130 desierant
434 3087 500 3129 esse
527 3069 611 3130 servi.
661 3064 785 3128 ‘Multis
803 3076 903 3128 autem
932 3067 1027 3127 modis
1058 3064 1253 3126 manumissio
1280 3072 1377 3142 pro-1

257 3152 363 3216 ‘ceditt
387 3162 438 3215 aut
459 3153 538 3215 enim
560 3174 596 3214 ex
619 3154 709 3216 sacris
725 3153 982 3214 constitutionibus
1002 3153 1032 3212 in
1049 3151 1242 3214 sacrosanctis
1259 3151 1346 3212 eccle

258 3238 324 3303 <siis
347 3249 398 3302 aut
419 3239 566 3301 vindicta⁸
594 3247 644 3302 aut
666 3241 742 3302 inter
764 3239 875 3308 amicos
898 3247 949 3300 aut
971 3259 1022 3319 per
1044 3239 1200 3318 epistulam
1223 3245 1274 3299 aut
1295 3257 1347 3314 per

257 3323 491 3405 ‘testamentum
506 3335 557 3389 aut
578 3327 667 3389 aliam
687 3328 848 3406 quamlibet
868 3326 1002 3386 ultimam
1018 3327 1209 3390 voluntatem.
1244 3323 1295 3384 sed
1318 3330 1348 3384 et

261 3410 340 3475 <aliis
363 3413 465 3474 multis
487 3414 583 3474 modis
604 3414 724 3475 libertas
746 3433 830 3474 servo
846 3420 1011 3490 competere
1026 3420 1130 3490 potest,
1155 3412 1204 3488 qui
1227 3419 1288 3470 tam
1311 3429 1348 3470 ex

258 3496 419 3561 <veteribus
434 3518 525 3576 quam
540 3501 649 3561 nostris
661 3499 919 3562 constitutionibus
934 3499 1089 3560 introducti
1101 3492 1196 3559 sunt.>
1230 3492 1348 3558 ⁹*Servi
1365 3503 1382 3556 2

260 3582 373 3647 “vero'
404 3605 422 3646 a
451 3586 578 3647 dominis
605 3606 721 3666 semper
748 3585 917 3646 manumitti
944 3585 1052 3647 solent:
1081 3585 1156 3646 adeo
1182 3591 1214 3644 ut
1243 3584 1287 3644 vel
1317 3583 1348 3643 in

261 3669 402 3734 'transitu
422 3673 677 3750 manumittantur,
701 3673 790 3734 veluti
812 3691 881 3733 cum
897 3679 1014 3749 praetor
1036 3678 1086 3732 aut
1108 3670 1265 3749 proconsul
1281 3663 1349 3729 <aut

260 3753 411 3836 *praeses'
435 3758 465 3817 in
488 3760 626 3820 balneum
650 3761 696 3819 vel
717 3759 748 3819 in
770 3759 918 3820 theatrum
943 3754 1013 3821 eat.⁴

331 3913 340 3943 ²
353 3930 399 3978 pr.
411 3914 462 3993 fin.
480 3929 511 3964 cc
523 3911 657 3962 Marciani
674 3909 720 3964 l.l
738 3911 798 3962 inat.
817 3909 888 3978 (Dip.
902 3909 925 3975 l,
936 3907 987 4010 {5
1005 3908 1053 3991 §.2
1067 3907 1094 3975 3)
1112 3901 1113 3906 ’
1165 3908 1236 3991 ’.οᾗ
1252 3909 1310 3960 Gai.
1326 3906 1348 3973 1,

260 3979 882 4125 {bibltlltltulbtittn
955 3974 1351 4114 cantarana

261 4117 273 4151 ⁸
291 4117 431 4187 communi]
441 4119 498 4184 PE,
516 4120 633 4170 naturali
642 4119 701 4186 1219.
714 4115 747 4181 Θ,
759 4135 808 4169 om.
819 4118 845 4168 B
908 4119 918 4150 l
936 4117 973 4168 sic
984 4117 1036 4168 PE
1044 4117 1113 4182 Dry„
1124 4117 1285 4184 appellemur
1298 4113 1351 4168 ΒΘ

291 4186 414 4254 vindicta]
433 4188 490 4254 PE,
508 4189 578 4240 vind.
596 4190 815 4241 manumittuntur
833 4186 858 4237 B
929 4187 939 4218 ⁹
958 4187 1018 4238 Oct.
1038 4183 1105 4250 1,2O
