3309 4917
301 453 379 518 111‚'6
812 456 873 519 100
1183 470 1386 518 nncmnruvs

300 627 447 705 patrueles
470 628 566 688 vocari
588 627 626 706 (si
648 633 746 689 autern
769 646 806 687 eu
828 626 944 687 duobus
966 625 1104 687 iratribus
1122 624 1199 687 tibae
1213 632 1384 699 nascautur,

301 732 417 776 sorores
440 715 585 791 patrueles
608 714 819 791 appellantur):
847 719 878 773 at
899 731 964 786 eos,
991 713 1041 789 qui
1062 731 1099 774 ex
1120 712 1210 775 tratre
1231 717 1260 772 et
1281 729 1385 773 sorore

301 806 512 879 propagantur,
529 799 673 861 amitinos
688 799 804 877 proprie
819 798 875 859 dici
890 798 1010 877 (amitae
1024 804 1092 860 tuae
1106 797 1157 859 filii
1171 797 1384 882 consobrinum

267 893 329 949 5te
357 887 520 964 appellant,
551 893 584 947 tu
609 886 675 947 illos
706 884 866 961 amitinos).
911 884 1021 958 Quinto
1043 903 1133 963 supra
1154 891 1258 945 atavus
1279 884 1384 958 atavia,

299 970 376 1036 intra
396 972 529 1049 adnepos
552 971 700 1050 adneptis,
723 991 760 1033 ex
781 978 949 1033 transverso
971 970 1069 1031 fratris
1091 970 1258 1048 sororisque
1279 989 1384 1049 prone

300 1076 355 1136 pos
377 1058 528 1136 proneptis
550 1067 579 1119 et
601 1057 806 1119 convenienter
828 1065 1005 1135 propatruus
1026 1056 1172 1135 proamita
1194 1056 1236 1138 (id
1258 1063 1304 1117 est
1319 1075 1384 1135 pro·

301 1144 347 1204 avi
368 1143 457 1206 irater
479 1152 508 1206 et
529 1147 635 1221 soror),
660 1145 876 1222 proavunculus
898 1150 1110 1222 promatertera
1132 1142 1173 1221 (id
1188 1149 1233 1205 est
1247 1142 1386 1221 proaviae

300 1231 390 1292 frater
411 1238 440 1291 et
462 1232 568 1308 soror),
591 1232 661 1293 item
683 1230 779 1291 fratris
800 1230 942 1307 patmelis
964 1230 1073 1291 sororis
1095 1228 1251 1307 patruelis,
1281 1248 1384 1291 oonso·

301 1316 377 1378 brini
398 1323 427 1377 et
448 1316 651 1391 consobrinae,
675 1316 788 1379 amitini
810 1316 950 1377 amitinae
971 1316 1047 1377 tibus
1067 1316 1136 1390 filia,
1159 1314 1315 1393 proprior¹
1337 1335 1384 1377 so·

301 1399 424 1463 brinus²
447 1402 568 1463 sobrina
590 1402 632 1483 (hi
654 1409 724 1463 sunt
746 1402 842 1481 patrui
863 1402 966 1480 magni
982 1402 1089 1463 amitae
1103 1420 1233 1479 magnae
1247 1400 1384 1464 avunculi

267 1499 285 1554 6
302 1488 404 1568 magni
426 1496 600 1550 materterae
622 1506 751 1567 magnae
766 1488 842 1549 filius
857 1487 939 1566 tilia).
978 1486 1086 1549 ³Sexto
1101 1488 1196 1566 gradu
1210 1493 1280 1549 sunt
1294 1506 1385 1565 supra

300 1575 422 1636 tritavus
444 1574 572 1647 tritavia,
602 1574 680 1634 infra
701 1574 833 1652 trinepos
854 1574 1001 1652 trineptis,
1031 1593 1068 1635 ex
1089 1580 1257 1635 transverso
1286 1574 1384 1634 fratris

301 1660 468 1739 sororisque
489 1662 620 1737 abnepos
641 1660 776 1738 abneptis
799 1667 828 1721 et
849 1660 1057 1721 convenienter
1078 1661 1239 1738 abpatruus
1255 1660 1383 1721 abamita

301 1748 342 1825 (id
365 1754 409 1807 est
432 1746 516 1807 abavi
538 1746 628 1807 irater
650 1753 678 1807 et
700 1747 796 1823 soror)
824 1748 1025 1808 abavunculus
1048 1746 1244 1807 abmatertera
1271 1746 1313 1824 (id
1339 1752 1386 1807 est

301 1833 420 1893 abaviae
443 1832 532 1893 frater
553 1838 582 1893 et
604 1834 710 1909 soror),
736 1831 824 1894 ‘item
847 1832 958 1894 sobrini
980 1830 1194 1909 sobrinaeque⁶
1216 1832 1258 1910 (id
1275 1832 1385 1909 estqui

301 1938 410 1997 quaeve
433 1936 470 1980 ex
491 1919 629 1979 fratribus
652 1919 697 1979 vel
719 1919 869 1980 sororibus
883 1919 1063 1997 patruelibus
1078 1919 1124 1979 vel
1139 1917 1324 1979 consobrinis
1339 1919 1385 1980 vel

266 2017 282 2071 7
301 2005 429 2067 amitinis
451 2008 709 2084 progenerantur).
747 2005 899 2067 Hactenus
914 2006 1078 2066 ostendisse
1092 2004 1224 2079 sufficiet,
1245 2005 1384 2082 quemad·

300 2091 424 2153 modum
445 2093 556 2170 gradus
579 2091 763 2170 cognationis
786 2098 989 2153 numerentur.
1024 2110 1153 2168 namque
1172 2110 1209 2152 ex
1223 2090 1270 2151 bis
1285 2092 1385 2169 palam

301 2186 346 2239 est
364 2177 541 2255 intellegere,
565 2178 817 2254 quemadmodum
831 2177 954 2238 ulterius
969 2196 1087 2254 quoque
1101 2176 1212 2257 gratim
1227 2196 1384 2239 numerare

300 2264 455 2325 debemus:
479 2263 586 2341 quippe
608 2282 725 2341 semper
739 2270 881 2341 generata
895 2282 1028 2341 quaeque
1042 2282 1169 2342 persona
1188 2263 1314 2341 gradum
1335 2263 1385 2323 ad·

300 2350 376 2423 iciat,
400 2356 432 2411 ut
453 2350 541 2426 longe
563 2349 676 2410 facilius
699 2349 736 2410 sit
758 2350 944 2427 respondere,
970 2356 1060 2427 quoto
1083 2351 1207 2428 quisque
1228 2350 1321 2426 gradu
1336 2349 1382 2423 sit,

267 2446 283 2503 8
301 2455 391 2513 quarn
413 2435 530 2513 propria
545 2434 729 2514 cognationis
745 2435 939 2516 appellatione
953 2454 1134 2515 quemquam
1149 2438 1296 2498 denotare.
1326 2436 1384 2496 Ad·

266 2534 283 2589 9
303 2521 451 2600 guntionis
474 2540 591 2599 quoque
612 2522 721 2598 gradus
744 2523 848 2584 eodem
874 2522 963 2583 modo
990 2530 1193 2585 numerantur.
1230 2522 1289 2583 Sed
1315 2541 1385 2583 cum

300 2607 397 2687 magis
419 2607 525 2669 veritas
552 2609 668 2669 oculata
693 2608 750 2669 lide
776 2628 867 2687 quam
897 2628 949 2688 per
978 2628 1065 2671 aures
1093 2608 1199 2670 aninris
1227 2608 1385 2669 hominnm

299 2694 439 2772 infigitur,
462 2694 528 2756 ideo
550 2697 751 2757 necessarium
774 2695 913 2756 duximus
936 2702 1002 2773 post
1022 2696 1221 2757 narrationem
1236 2694 1385 2773 graduum

300 2780 389 2841 etiam
412 2799 463 2841 eos
485 2780 633 2857 praesenti
654 2780 729 2843 libro
752 2780 886 2855 inscribi,
910 2788 1055 2859 quatenus
1077 2781 1191 2861 possint
1213 2787 1242 2841 et
1263 2781 1384 2842 auribus

300 2874 328 2928 et
341 2867 531 2991 .i¹i⁵p.e,⁶ti⁰¹¹⁹
552 2867 754 2929 adulescentes
776 2867 1018 2945 perfectissimam
1046 2868 1194 2947 graduum
1220 2867 1385 2929 doctrinam

249 3048 282 3105 10
301 2955 458 3102 adlpillellud
491 3046 603 3101 certum
637 3045 683 3100 est
715 3040 751 3100 ad
786 3039 905 3100 serviles
938 3038 1130 3117 cognationes
1157 3038 1242 3099 illam
1271 3044 1385 3117 partem

300 3126 393 3200 edicti,
417 3145 476 3203 qua
498 3125 693 3204 proximitatis
715 3124 837 3187 nomine
858 3127 1006 3187 bonorum
1028 3124 1176 3203 possessio
1195 3124 1383 3203 promittitur,

299 3232 361 3273 non
384 3212 544 3291 pertinere:
572 3230 643 3272 nam
665 3229 721 3272 nec
743 3212 804 3272 ulla
827 3212 948 3290 antiqua
968 3212 1035 3290 lege
1057 3210 1123 3272 talis
1145 3210 1283 3288 cognatio
1306 3228 1386 3270 com·

299 3300 466 3377 putabatur.
496 3293 564 3359 <sed
586 3304 688 3359 nostra
703 3297 910 3359 constitutione
918 3295 939 3372 ⁸,
956 3316 1046 3376 quam
1060 3316 1114 3375 pro
1133 3296 1197 3357 iure
1210 3301 1384 3374 patronatus

369 3485 379 3515 ¹
398 3486 434 3537 sic
451 3484 512 3536 libri
532 3480 557 3536 Θ
573 3492 596 3536 et
612 3483 641 3535 in
652 3482 713 3549 Diq.
725 3482 776 3547 1⁷²,
795 3485 912 3552 proprior
928 3483 988 3549 Dio.
1002 3482 1044 3536 F'
1109 3482 1120 3515 ¹
1137 3482 1174 3534 aio
1184 3478 1263 3534 Bm
1279 3480 1385 3533 sobrino

298 3552 385 3620 Aba.
447 3551 521 3614 ⁸56
538 3549 893 3620 anchonitanum.
912 3549 1060 3621 (Geato.)
1124 3551 1331 3603 ‘nclibricum
1344 3548 1384 3604 6:

297 3624 360 3675 item
377 3624 465 3690 patrui
487 3624 577 3690 magni
598 3624 692 3675 amitae
714 3638 824 3690 magnae
847 3624 972 3675 avunculi
993 3622 1081 3689 magni
1100 3627 1252 3675 materterae
1273 3636 1385 3687 magnae

298 3708 378 3759 nepos
395 3708 428 3744 ne
446 3691 491 3756 tis,
509 3692 571 3744 item
588 3693 674 3745 fratris
691 3694 816 3759 pemuolis
834 3692 928 3745 sororis
945 3692 1070 3759 patruelis
1087 3691 1235 3743 consobrini
1251 3691 1381 3743 oonsobri·

298 3777 347 3813 nae
363 3760 464 3813 amiani
481 3761 603 3813 amitinae
620 3778 700 3829 nepos
717 3763 810 3831 neptis,
828 3760 961 3829 propatrui
977 3761 1119 3829 proamitae
1136 3759 1308 3827 proavunculi
1324 3776 1383 3828 pro·

298 3836 452 3883 materterae
469 3830 540 3882 filius
556 3830 610 3882 filia
627 3831 676 3884 ina.
689 3828 750 3897 Dap.
815 3830 827 3861 ⁸
844 3832 880 3882 cic
897 3830 924 3881 B
929 3830 954 3881 Τ
965 3846 1023 3880 cum
1040 3828 1110 3895 Dap,
1127 3829 1276 3881 consobrini
1292 3846 1382 3881 conso·

298 3901 441 3967 brinaeque
458 3898 484 3951 A
507 3915 565 3950 nnn
586 3898 708 3964 Pontod,
723 3897 795 3965 1t‚6
817 3897 885 3952 αθ
959 3898 971 3930 ⁸
992 3906 1099 3951 senna
1119 3900 1300 3965 cognationum
1322 3898 1385 3950 libri

299 3970 358 4022 boni
375 3968 499 4034 medune,
517 3968 576 4020 dett.
594 3968 642 4019 olii
659 3969 714 4020 alio
726 3970 877 4036 proferunt.
895 3969 924 4021 id
940 3968 1010 4035 quod
1026 3985 1058 4020 eto
1069 3969 1109 4019 At
1125 3968 1207 4021 edidit
1220 3968 1318 4020 Oonrut
1331 3968 1380 4019 Ge·

298 4038 408 4091 sollicite
425 4038 473 4091 der
493 4036 600 4101 molan
618 4038 663 4089 dea
680 4037 754 4092 Bon
767 4038 861 4091 Recbta
872 4038 894 4090 I
902 4056 932 4105 p.
945 4034 1005 4102 634,
1024 4039 1058 4091 ab
1074 4038 1101 4091 A
1118 4038 1181 4091 olim
1197 4037 1297 4106 officim
1314 4038 1383 4088 oide-

298 4108 550 4162 ncrteetibualibrie
572 4107 801 4175 namuurum
878 4108 1037 4161 'nannum
1058 4108 1330 4161 tarentinarum
1353 4107 1386 4158 de

299 4178 388 4230 servili
405 4178 558 4246 cognatione
629 4176 640 4209 ⁸
660 4176 721 4229 cod.
734 4174 758 4243 6,
768 4174 822 4241 4,4
839 4174 909 4237 sto.
922 4174 952 4229 11
