3309 4917
317 468 393 534 Ima
836 471 878 532 94
1202 488 1242 533 os
1257 487 1404 533 seersum

318 644 426 705 scilicet
438 643 641 716 admittuntur,
657 641 789 721 sineque
804 643 949 719 adgnatus
964 642 1041 702 ullus
1056 660 1111 703 nec
1121 641 1283 720 proximior
1294 661 1402 720 cogna-

266 734 301 791 tla
319 738 368 791 tus
390 729 571 792 interveniat.
599 723 650 789 ‘Et
665 728 738 790 haec
760 729 879 806 quidem
901 729 949 790 lex
966 728 1120 789 duodecim
1135 729 1303 789 tabularum
1318 730 1402 789 nullo

319 812 424 877 ‘modo
447 814 622 887 introduxit,
649 815 701 875 sed
730 815 945 893 simplicitatem
970 814 1088 893 legibus
1116 814 1243 875 amicam
1266 816 1403 893 amplexa

319 898 423 965 ‘simili
445 903 534 963 modo
556 920 661 963 omnes
683 902 827 977 adgnatos
850 901 910 963 sive
929 900 1077 961 masculos
1092 901 1153 963 sive
1167 901 1293 962 feminas
1307 902 1403 963 cuius·

319 985 462 1068 ‘cumque
484 988 594 1067 gradus
616 987 653 1049 ad
676 987 896 1049 similitudinem
911 1006 1034 1049 suorum
1048 986 1174 1049 invicem
1193 987 1230 1047 ad
1244 987 1402 1048 successio·

318 1070 404 1137 ‘nem
426 1076 563 1137 vocabat:
586 1072 684 1135 media
705 1081 804 1135 autem
827 1072 1062 1152 iurisprudentia,
1084 1092 1161 1151 quae
1183 1080 1246 1134 erat
1259 1074 1326 1151 lege
1341 1073 1402 1152 qui·

285 1190 288 1207 1
318 1156 402 1223 ‘dem
425 1160 579 1223 duodecim
600 1160 767 1222 tabularum
790 1160 897 1234 iunior,
924 1159 1068 1238 imperiali
1090 1166 1190 1220 autem
1213 1159 1403 1238 dispositione

319 1242 476 1322 ‘anterior,
503 1246 660 1325 suptilitate
688 1246 817 1325 quadam
840 1246 1004 1325 excogitata
1026 1246 1187 1324 praefatam
1210 1245 1402 1306 differentiam

319 1329 492 1395 ‘inducebat
513 1340 542 1393 et
564 1332 680 1411 penitus
702 1351 752 1393 eas
775 1352 792 1393 a
814 1332 1000 1393 successione
1020 1332 1218 1411 adgnatorum
1233 1333 1401 1409 repellebat,

320 1415 417 1481 ‘omni
447 1420 504 1481 alia
533 1418 719 1481 successione
746 1418 910 1497 incognita,
943 1418 1037 1479 donec
1066 1426 1230 1497 praetores,
1261 1418 1402 1495 paulatim

318 1501 521 1584 ‘asperitatem
543 1505 614 1566 iuris
632 1504 722 1565 civilis
737 1505 918 1583 corrigentes
934 1504 995 1565 sive
1008 1504 1087 1580 quod
1102 1505 1183 1565 deest
1197 1504 1400 1582 adimplentes,

320 1587 468 1654 ‘humano
499 1590 648 1669 proposito
675 1590 765 1651 alium
793 1590 926 1652 ordinem
956 1590 1017 1650 suis
1045 1590 1145 1651 edictis
1172 1590 1345 1651 addiderunt
1373 1596 1403 1651 et
1470 1652 1475 1660 ,

319 1673 519 1757 ‘cognationis
541 1678 619 1738 ilnea
640 1676 833 1754 proximitatis
856 1676 978 1738 nomine
999 1676 1165 1737 introducta
1186 1696 1239 1753 per
1254 1678 1401 1737 bonorum

319 1758 552 1841 ‘possessionem
575 1783 625 1824 eas
648 1762 827 1823 adiuvabant
842 1771 870 1823 et
885 1762 1097 1841 pollicebantur
1111 1762 1158 1822 his
1174 1763 1321 1823 bonorum
1336 1782 1401 1841 pos·

319 1844 497 1911 ‘sessionem
504 1896 512 1925 ,
540 1868 616 1925 quae
641 1849 720 1909 unde
747 1850 866 1927 cognati
894 1849 1066 1927 appellatur.
1116 1848 1178 1910 Nos
1206 1867 1273 1909 vero
1303 1850 1401 1927 legem

318 1931 487 1998 ‘duodecim
510 1936 678 1996 tabularum
701 1944 858 2013 sequentes
885 1942 914 1996 et
943 1934 1005 1996 eius
1028 1934 1150 2013 vestigia
1176 1935 1206 1995 in
1234 1935 1291 1995 hac
1320 1943 1402 2013 parte

318 2016 541 2084 ‘conservantes
556 2022 712 2083 laudamus
727 2021 847 2100 quidem
863 2028 1013 2099 praetores
1028 2040 1100 2082 suae
1115 2021 1318 2094 humanitatis,
1339 2041 1401 2083 non

318 2103 435 2171 ‘tamen
458 2128 510 2169 eos
531 2108 562 2169 in
584 2109 705 2187 plenum
728 2127 835 2169 causae
856 2107 967 2168 mederi
982 2107 1164 2168 invenimus:
1187 2126 1278 2185 quare
1293 2109 1401 2168 etenim

318 2189 395 2256 ‘uno
418 2195 579 2271 eodemque
600 2193 694 2272 gradu
716 2194 842 2254 naturali
857 2199 1050 2255 concurrente
1065 2200 1093 2253 et
1110 2193 1295 2269 adgnationis
1310 2194 1401 2254 titulis

319 2275 396 2341 ‘tam
418 2281 447 2341 in
472 2280 611 2340 masculis
634 2298 724 2357 quam
745 2279 777 2339 in
799 2279 916 2339 feminis
936 2298 1032 2355 aequa
1046 2279 1130 2340 lance
1145 2278 1309 2340 constitutis
1324 2298 1401 2340 mas·

318 2361 407 2427 ‘culis
430 2366 548 2443 quidem
571 2366 698 2435 dabatur
718 2365 755 2425 ad
778 2365 995 2426 successionem
1019 2365 1117 2425 venire
1139 2366 1274 2426 omnium
1291 2366 1401 2443 adgna-

317 2447 446 2527 torum,
476 2471 513 2513 ex
539 2452 676 2531 adgnatis
703 2459 801 2513 autem
823 2451 995 2536 mulieribus
1019 2451 1106 2516 nullis
1128 2451 1244 2529 penitus
1267 2452 1325 2512 nisi
1347 2452 1402 2512 soli

319 2534 427 2601 ‘sorori
450 2538 486 2599 ad
514 2539 711 2617 adgnatorum
739 2538 956 2599 successionem
983 2538 1101 2614 patebat
1128 2538 1244 2598 aditus?
1279 2538 1343 2599 ideo
1370 2538 1401 2597 in

318 2619 454 2703 ‘plenum
478 2624 578 2685 omnia
600 2624 772 2687 reducentes
794 2631 823 2686 et
845 2624 882 2684 ad
904 2625 950 2685 ius
972 2624 1126 2685 duodecim
1149 2624 1317 2684 tabularum
1333 2643 1400 2684 ean·

318 2705 402 2772 ‘dem
425 2711 646 2789 dispositionem
667 2718 865 2788 exaequantes
881 2717 983 2772 nostra
1001 2708 1231 2771 constitutione¹
1247 2710 1400 2770 sanximus

317 2791 438 2859 ‘omnes
460 2797 606 2877 legitimas
629 2817 785 2875 personas,
812 2796 842 2857 id
869 2804 913 2858 est
940 2815 992 2875 per
1014 2796 1127 2857 virilem
1148 2815 1253 2857 sexum
1283 2798 1401 2857 descen·

316 2878 444 2957 ‘dentes
469 2883 529 2945 sive
551 2883 706 2945 masculini
728 2886 788 2944 sive
810 2882 945 2944 feminini
968 2882 1084 2959 generis
1105 2890 1184 2957 sunt,
1208 2882 1296 2943 simili
1311 2882 1399 2943 modo

317 2964 369 3031 ‘ad
397 2970 460 3031 iura
487 2969 679 3032 successionis
706 2968 856 3049 legitImae
883 2969 920 3029 ab
950 2968 1087 3029 intestato
1110 2968 1207 3030 vocari
1236 2970 1399 3031 secundum

316 3050 442 3135 ‘gradus
474 3056 519 3117 sui
548 3056 782 3137 praerogativam
812 3075 866 3117 nec
895 3055 960 3116 ideo
991 3055 1202 3128 excludendas,
1234 3056 1302 3132 quia
1332 3076 1399 3118 con-

318 3136 540 3221 ‘sanguinitatis
568 3142 632 3203 iura
660 3142 744 3203 sicuti
771 3160 933 3221 germanae
963 3160 1024 3202 non
1054 3141 1175 3205 habent.
1220 3141 1285 3203 Hoc
1312 3142 1400 3203 etiam

317 3223 500 3289 ‘addendum
523 3234 642 3289 nostrae
664 3228 864 3290 constitutioni
886 3226 1128 3301 existimavimus,
1154 3233 1187 3287 ut
1208 3228 1400 3288 transferatur

317 3309 411 3375 ‘unus
433 3313 637 3375 tantummodo
660 3313 770 3392 gradus
793 3333 811 3374 a
832 3314 895 3375 iure
910 3313 1094 3391 cognationis
1110 3313 1141 3373 in
1157 3311 1320 3390 legitimam
1336 3330 1399 3372 suc·

317 3395 505 3474 ‘cessionem
529 3406 561 3461 ut
583 3418 644 3460 non
667 3400 765 3459 solum
787 3398 885 3460 fratris
908 3398 985 3460 filius
1008 3407 1037 3460 et
1058 3400 1118 3459 filia
1140 3397 1305 3459 secundum
1320 3398 1411 3474 quod*

317 3480 392 3546 ‘iam
408 3484 592 3547 definivimus
607 3486 644 3545 ad
659 3484 877 3546 successionem
892 3485 988 3563 patrui
1008 3486 1052 3545 sui
1068 3490 1217 3558 vocentur,
1242 3484 1293 3545 sed
1310 3484 1399 3545 etiam

317 3565 493 3649 ‘germanae
515 3571 753 3649 consanguineae
774 3573 818 3633 vel
841 3571 950 3633 sororis
972 3571 1104 3632 uterinae
1125 3569 1203 3630 filius
1226 3576 1254 3631 et
1268 3570 1328 3631 filia
1344 3570 1398 3631 soli

317 3651 362 3717 ‘et
384 3675 445 3718 non
469 3657 604 3736 deinceps
627 3676 772 3735 personae
793 3678 854 3719 una
876 3677 945 3718 cum
967 3658 1014 3717 his
1036 3658 1073 3717 ad
1095 3657 1161 3717 iura
1189 3657 1326 3719 avunculi
1353 3657 1399 3717 sui

317 3737 502 3820 ‘perveniant
524 3752 552 3804 et
574 3750 691 3804 mortuo
714 3763 763 3818 eo,
792 3744 842 3820 qui
864 3751 987 3822 patruus
1014 3744 1133 3820 quidem
1155 3749 1201 3803 est
1227 3743 1324 3804 fratris
1353 3744 1399 3805 sui

316 3823 428 3903 ‘filiist
451 3830 612 3891 avunculus
634 3836 735 3891 autern
757 3830 867 3890 sororis
889 3849 960 3891 suae
982 3829 1077 3890 suboli
1085 3827 1107 3903 ³,
1135 3828 1224 3890 simili
1246 3830 1336 3891 modo
1360 3831 1398 3890 ab

316 3910 456 3993 ‘utroque
478 3916 567 3977 latere
590 3916 756 3990 succedant,
780 3923 934 3993 tamquam
957 3915 981 3976 si
1004 3934 1109 3977 omnes
1132 3935 1168 3976 ex
1190 3917 1330 3976 masculis
1349 3916 1399 3977 de·

316 3996 504 4065 ‘scendentes
530 4002 661 4081 legitimo
688 4002 750 4065 iure
772 4003 905 4076 veniant,
935 4002 1043 4064 scilicet
1071 4002 1122 4063 ubi
1151 4004 1241 4063 frater
1263 4010 1292 4063 et
1314 4021 1398 4062 soror

387 4137 952 4211 100d.6,58,14,cot§3fin.et§40o
968 4141 1071 4194 amdam
1088 4141 1196 4196 rederent
1261 4138 1402 4191 ’liliiBT

317 4207 329 4239 ⁸
347 4209 447 4263 soboles
464 4210 532 4262 Bm
