3309 4917
253 468 294 516 ne
309 466 423 512 sarrsn.
440 443 586 512 'ruronuu
780 448 821 511 29
1224 443 1345 512 1,24.25

261 620 315 683 sed
331 620 420 681 etiam
442 619 476 680 in
498 638 549 681 eos
572 619 623 697 qui
637 620 864 682 satisdationes¹
879 619 1025 700 accipiunt
1039 619 1246 682 subsidiariam
1262 620 1349 682 acuo

258 726 330 770 nem
359 725 438 779 esse,
467 725 544 783 quae
569 705 707 767 ultimum
736 706 778 767 eis
804 705 983 785 praesidium
1010 706 1103 784 possit
1128 707 1242 770 afferre.
1282 707 1349 768 sub·

260 793 380 854 sidiaria
402 799 503 854 autem
526 791 601 853 actio
623 792 761 854 daturin
783 812 849 867 eos,
877 793 927 870 qui
950 792 996 853 rel
1018 791 1141 854 omuino
1164 812 1182 853 a
1203 792 1349 855 tutoribus

259 881 306 941 νε]
328 878 513 940 curatoribus
535 877 671 939 satisdari
695 897 758 938 non
784 879 950 940 curaverint
976 886 1028 939 aut
1053 898 1115 940 non
1142 878 1247 942 idonee
1268 878 1350 958 passi

260 972 362 1027 essent
376 964 481 1026 careri.
515 983 592 1042 quae
607 964 725 1043 quidem
748 971 810 1024 tam
832 984 868 1026 ex
891 964 1079 1042 prudentium
1094 965 1242 1044 responsis
1257 984 1348 1043 quam

259 1071 296 1114 ex
316 1050 576 1112 constitutionibus
593 1049 793 1128 imperialibus
815 1058 844 1111 et
865 1051 896 1110 in
916 1050 1039 1112 heredes
1054 1069 1157 1112 eorum
1172 1051 1347 1113 extenditur.

261 1136 396 1212 ²Quibus
423 1136 681 1198 constitutionibus
707 1143 736 1198 et
761 1135 833 1197 illud
855 1136 1040 1215 exprimitur,
1067 1144 1112 1212 ut,
1142 1137 1200 1198 nisi
1227 1143 1384 1208 careantss

259 1230 370 1284 tutores
398 1223 442 1284 vel
469 1229 632 1297 curatores,
660 1221 835 1301 pignoribus
862 1223 954 1301 captis
981 1230 1179 1286 coerceantur.
1228 1221 1383 1300 ²Neque4

259 1316 359 1370 eutem
382 1309 547 1387 praefectus
568 1308 651 1369 urbis
673 1328 770 1386 neque
791 1316 908 1386 praetor
931 1327 1027 1384 neque
1045 1327 1166 1387 praeses
1183 1309 1350 1387 provinciae

260 1414 357 1472 neque
373 1394 530 1472 quisalius
552 1395 599 1455 cui
621 1401 733 1456 tutores
754 1394 844 1455 dandi
865 1394 911 1455 ius
931 1401 975 1456 est
990 1394 1047 1454 hac
1062 1394 1176 1456 actione
1191 1396 1347 1468 tenebitur,

261 1482 313 1542 sed
336 1482 368 1542 hi
390 1482 599 1542 tantummodo
622 1479 672 1559 qui
694 1481 917 1542 satisdationem
940 1479 1056 1558 exigere
1077 1481 1182 1542 solent.

840 1684 852 1724 a

606 1783 655 1840 Du
672 1685 1000 1841 EXOdeKAYI'IONIBUS.

323 1891 510 1953 Excusantur
543 1898 644 1953 autem
674 1899 787 1952 tutores
813 1893 859 1952 vel
887 1899 1036 1953 curatores
1061 1890 1149 1950 variis
1176 1910 1213 1951 ex
1239 1891 1348 1954 causis:

259 1979 436 2056 plerumque
462 1986 562 2039 autem
589 1983 708 2056 propter
734 1978 854 2051 liberos,
886 1977 946 2038 sire
975 1977 1005 2036 in
1037 1983 1179 2054 potestate
1208 1976 1267 2037 sint
1289 1977 1350 2038 sive

260 2062 446 2141 emancipati.
481 2064 506 2124 si
528 2064 608 2125 enim
630 2071 689 2125 tres
710 2063 817 2124 liberos
840 2063 906 2140 quis
926 2063 1096 2141 superstites
1111 2062 1225 2123 Romae
1240 2062 1349 2124 habeat

259 2151 303 2210 νε]
334 2148 365 2209 in
394 2149 476 2210 ltalia
503 2155 642 2228 quattuor
663 2151 710 2210 νε]
730 2150 761 2210 in
790 2148 945 2229 provinciis
975 2149 1117 2226 quinque,
1150 2149 1280 2209 ututela
1302 2149 1350 2209 νε]

259 2255 329 2296 cura
357 2244 482 2314 possunt
508 2235 642 2298 excusari
670 2238 807 2315 exemplo
836 2243 1000 2297 ceterorum
1023 2254 1195 2296 munerum:
1227 2254 1298 2294 nam
1320 2241 1349 2296 et

259 2322 382 2383 tutelam
406 2322 456 2383 et*
478 2342 581 2384 curam
602 2323 712 2401 placuit
733 2322 884 2400 publicum
907 2340 1018 2383 munus
1041 2340 1115 2383 esse.
1149 2320 1200 2382 sed
1223 2319 1350 2400 adoptivi

258 2407 342 2469 liberi
369 2428 431 2470 non
458 2415 595 2487 prosunt,
627 2408 659 2468 in
687 2408 875 2486 adoptionem
907 2415 1007 2469 autem
1034 2407 1094 2468 dati
1119 2407 1247 2468 naturali
1273 2407 1349 2487 patri

256 2501 393 2572 prosunt.
431 2494 502 2555 item
532 2500 654 2571 nepotes
683 2514 720 2556 ex
748 2493 807 2554 filio
836 2501 974 2572 prosunt,
1008 2499 1041 2554 ut
1069 2492 1099 2552 in
1130 2494 1228 2554 locum
1257 2492 1348 2571 patris
1427 2523 1430 2529 ·

257 2580 425 2654 succedant,
450 2600 486 2640 ex
509 2580 568 2641 filia
590 2599 652 2640 non
674 2588 809 2658 prosunt.
843 2579 893 2640 filii
916 2587 1015 2641 autem
1038 2578 1207 2657 superstites
1230 2584 1347 2640 tantum

257 2667 294 2726 sd
321 2667 430 2727 tutelae
457 2666 502 2727 νε]
529 2685 617 2727 curre
645 2666 779 2727 muneris
805 2665 1025 2728 excusationem
1049 2671 1188 2743 prosunt,
1219 2664 1349 2725 defuncti

256 2771 319 2812 non
341 2759 476 2831 prosunt.
510 2753 562 2813 sed
585 2751 662 2812 siin
684 2752 762 2812 bello
784 2751 887 2812 amissi
909 2759 992 2825 sunt,
1024 2751 1193 2828 quaesitum
1220 2757 1277 2824 est,
1309 2770 1349 2811 an

258 2837 384 2914 prosint.
418 2833 462 2897 <et
484 2844 598 2898 constat
620 2856 671 2898 eos
694 2839 774 2898 solos
793 2838 933 2917 prodesse
955 2836 1005 2914 qui
1027 2836 1059 2896 in
1081 2836 1143 2896 scie
1157 2834 1347 2896 amittuntur:

257 2918 304 2980 <bi
327 2921 421 2994 enim,
450 2921 519 2998 quia
547 2941 600 2999 pro
628 2942 661 2983 re
688 2922 806 3000 publica
833 2921 1012 2994 ceciderunt,
1042 2921 1073 2980 in
1096 2926 1270 2999 perpetuum
1297 2939 1349 2996 per

258 3002 401 3084 <gloriam
417 3005 513 3066 rivere
527 3002 764 3084 intelleguntur.>
795 3006 868 3067 ltem
883 3006 967 3067 divus
978 3007 1094 3066 Marcus
1109 3005 1140 3067 in
1157 3005 1348 3066 semestribus
1367 3020 1382 3074 1

256 3091 405 3169 rescripsit
426 3111 504 3167 eum,
528 3091 579 3169 qui
601 3111 649 3152 res
664 3092 726 3154 fisci
742 3092 937 3166 administrat,
961 3111 979 3152 a
993 3091 1085 3152 tutela
1100 3091 1145 3153 νε]
1160 3110 1231 3152 cura
1246 3111 1348 3168 quam·

257 3178 307 3239 diu
335 3178 522 3240 administrat
547 3179 681 3240 excusari
709 3197 803 3257 posse.
848 3179 922 3239 Item
948 3177 999 3254 qui
1025 3177 1066 3239 rei
1094 3177 1229 3257 publicae
1258 3191 1383 3252 causa2

258 3265 367 3326 absunt
376 3262 398 3338 ⁵,
422 3284 441 3325 a
462 3266 555 3326 tutela
576 3272 606 3326 et
627 3284 699 3326 cura
713 3271 901 3326 excusantur.
936 3264 987 3326 sed
1010 3271 1039 3325 et
1061 3263 1221 3326 siluerunt
1237 3271 1347 3325 tutores

257 3351 302 3412 vel
325 3357 489 3425 curatores,
522 3352 627 3413 deinde
654 3351 853 3430 reipublicae
880 3370 970 3412 causa
996 3352 1100 3412 abesse
1126 3357 1299 3430 coeperunt,
1330 3370 1348 3411 a

257 3437 348 3497 tutela
371 3444 400 3497 et
422 3456 493 3498 cura
515 3445 703 3512 excusantur,
726 3444 873 3515 quatenus
895 3437 936 3499 rei
959 3437 1092 3517 publicae
1115 3455 1205 3498 causa
1227 3437 1345 3510 absunt,

258 3529 287 3582 et
313 3522 424 3584 interea
453 3530 570 3584 curator
597 3525 663 3585 loco
693 3543 797 3586 eorum
825 3524 920 3585 datur.
963 3522 1013 3602 qui
1039 3522 1065 3583 si
1091 3522 1200 3584 reversi
1228 3522 1345 3596 luerint,

257 3608 401 3686 recipiunt
417 3628 493 3670 onus
508 3610 616 3671 tutelae
631 3629 686 3670 nec
701 3610 772 3671 anni
786 3610 900 3670 habent
914 3608 1106 3683 vacationem,
1123 3615 1156 3669 ut
1165 3608 1347 3686 Papinianus

256 3713 470 3772 responsorum
496 3695 571 3756 libro
598 3695 701 3773 quinto
731 3695 860 3774 scripsit:
895 3714 967 3756 narn
996 3695 1055 3757 hoc
1081 3695 1209 3773 spatium
1236 3694 1348 3756 habent

171 3843 176 3853 ‚
257 3780 294 3839 ad
323 3799 417 3840 noras
448 3783 554 3842 tutelas
580 3782 683 3846 vocati.
729 3782 766 3842 Et
787 3781 838 3859 qui
866 3787 1040 3859 potestatem
1067 3781 1196 3858 aliquam
1224 3780 1380 3854 habent,3

257 3884 399 3927 excusare
423 3886 455 3928 se
476 3876 615 3944 possunt,
643 3875 676 3928 ut
697 3867 782 3929 dirus
804 3869 921 3928 Marcus
944 3867 1104 3945 rescripsit,
1137 3867 1189 3927 sed
1212 3874 1346 3944 coeptam

327 4021 337 4052 ¹
355 4022 391 4072 cic
408 4021 436 4086 T,
455 4023 647 4075 satisdationem
659 4020 712 4076 ΒΘ
783 4023 794 4054 ²
814 4021 855 4090 Of.
869 4039 898 4088 p.
912 4018 946 4072 28
963 4031 1014 4074 not.
1029 4019 1045 4072 7
1117 4021 1128 4052 ⁸
1148 4020 1188 4087 Of.
1201 4016 1263 4086 Dr'p.
1276 4017 1345 4082 27‚1

258 4087 321 4140 coc.
341 4087 477 4154 5,62..69
548 4092 560 4124 ⁴
577 4091 613 4158 et]
635 4089 691 4156 ΤΘ,
708 4092 748 4144 uel
764 4090 791 4141 B
862 4092 873 4123 ⁶
890 4091 926 4142 sic
949 4086 1022 4155 ΤὸΘ,
1040 4107 1144 4142 causam
1161 4095 1296 4140 assumunt
1313 4087 1347 4154 B,

258 4173 340 4210 causa
357 4160 501 4213 aberrant
523 4161 564 4211 Ta
1235 4186 1236 4189 ¹
