3309 4917
266 483 306 529 on
322 483 388 529 nno.
404 482 494 528 anon.
511 482 591 528 succ.
708 466 916 563 *tlt-—

785 705 830 767 111

416 813 464 871 DE
483 813 664 871 LEGITIMA
680 813 940 871 ADGNA'I'ORUM
959 813 1207 872 SUGOESSIONE.

334 929 365 992 Si
389 951 478 993 nemo
501 948 572 992 suus
594 931 680 993 heres
703 927 763 993 ‘vel
786 948 901 1006 eorum,
932 950 1007 1009 quos
1033 931 1109 992 inter
1136 949 1207 991 suos
1228 930 1353 993 heredes

268 1024 385 1096 praetor
399 1020 446 1078 vel
468 1018 692 1079 constitutiones
716 1013 847 1092 vocant',
871 1024 950 1079 extat
963 1013 1028 1078 ‘et2
1043 1016 1260 1079 successionem
1283 1036 1354 1094 quo·

269 1123 327 1181 quo
353 1105 443 1165 modo
462 1099 683 1183 amplectatur':
705 1112 777 1165 tunc
799 1105 923 1182 exlege
949 1103 1107 1164 duodecim·
1124 1104 1293 1165 tabularum
1315 1103 1353 1164 ad

267 1191 431 1268 adgnatum
455 1190 623 1268 proximum
645 1190 790 1253 hereditas
816 1191 951 1269 pertinet.
1001 1188 1076 1251 Sunt
1097 1196 1197 1252 autem
1219 1188 1351 1267 adgnati,
1370 1195 1386 1248 1

266 1284 298 1337 ut
324 1276 419 1354 primo
443 1295 562 1354 quoque
589 1274 686 1337 libro³
708 1276 894 1351 tradidimus,
925 1276 1044 1355 cognati
1072 1295 1125 1354 per
1146 1275 1236 1336 virilis
1264 1294 1352 1338 sexus

268 1382 412 1440 personas
444 1363 622 1441 cognatione
643 1362 748 1436 iuncti,
776 1362 860 1439 quasi
890 1382 908 1423 a
937 1369 1020 1441 patre
1047 1361 1172 1439 cognati.
1219 1358 1353 1439 ‘'itaque

268 1445 388 1509 *eodem
404 1456 489 1527 patre
508 1449 570 1511 nati
589 1450 693 1510 fratres
709 1448 829 1527 adgnati
850 1447 904 1509 sibi
920 1455 1000 1521 sunt,
1022 1448 1073 1526 qui
1094 1454 1123 1509 et
1138 1448 1352 1525 consanguinei

268 1531 438 1609 *uocantum
463 1555 519 1597 nec
533 1536 698 1612 requiritur,
723 1555 762 1595 an
785 1534 873 1596 etiam
889 1534 1014 1596 eandem
1036 1539 1161 1595 matrem
1183 1532 1350 1595 habuerint.

269 1616 356 1682 *item
371 1628 495 1699 patruus
511 1622 608 1683 fratris
623 1622 682 1683 filio
705 1629 734 1684 et
748 1621 872 1682 invicem
895 1620 920 1682 is
934 1621 975 1682 illi
990 1619 1138 1699 adgnatus
1160 1627 1214 1682 est.
1247 1620 1351 1681 eodem

268 1702 408 1769 *numero
432 1715 502 1768 sunt
523 1708 627 1769 fratres
646 1709 802 1786 patrueles,
825 1707 855 1767 id
877 1715 922 1769 est
943 1707 994 1785 qui
1015 1726 1053 1767 ex
1074 1706 1190 1768 duobus
1212 1706 1351 1768 fratribus

268 1789 427 1871 *procreati
458 1801 540 1868 sunt,
567 1794 618 1871 qui
646 1794 734 1855 etiam
757 1793 929 1855 consobrini
949 1799 1100 1856 vocantur.
1153 1812 1212 1870 qua
1237 1792 1352 1854 ratione

268 1875 371 1939 *etiam
393 1880 431 1942 ad
454 1880 552 1957 plures
576 1880 684 1958 gradus
707 1880 894 1957 adgnationis
916 1879 1068 1957 pervenire
1089 1875 1275 1958 poterimus.⁴
1320 1880 1353 1940 bi

267 1983 398 2041 quoque,
427 1966 477 2042 qui
503 1973 570 2044 post
591 1972 718 2026 mortem
741 1964 832 2043 patris
854 1972 1026 2039 nascuntur,
1048 1965 1260 2026 nanciscuntur
1282 1984 1350 2027 con·

268 2050 476 2129 sanguinitatis
506 2050 579 2114 iura.
620 2047 715 2112 ⁵*non
737 2058 839 2112 tamen
861 2051 1001 2112 omnibus
1027 2052 1116 2112 simul
1138 2050 1275 2130 adgnatis
1302 2051 1352 2113 dat

270 2132 332 2197 *lex
354 2136 556 2212 hereditatem,
581 2138 632 2199 sed
654 2136 710 2211 his,
734 2136 784 2216 qui
805 2145 876 2198 tunc
897 2137 1031 2216 proximo
1054 2137 1147 2215 gradu
1169 2143 1252 2211 sunt,
1282 2156 1350 2199 cum

270 2219 398 2283 *certum
415 2242 480 2285 esse
501 2224 629 2303 coeperit
644 2223 771 2301 aliquem
786 2224 958 2286 intestatum
974 2221 1160 2287 decessisset*
1190 2224 1247 2285 Per
1261 2224 1349 2302 adop·
1367 2226 1385 2280 2

267 2310 379 2370 tionem
392 2329 510 2388 quoque
520 2309 705 2388 adgnationis
717 2311 762 2371 ius
771 2310 913 2385 consistit,
925 2310 1014 2372 veluti
1025 2310 1101 2372 inter
1113 2310 1188 2371 filios
1200 2311 1350 2372 naturales

268 2403 297 2456 et
311 2414 363 2457 eos
378 2416 454 2474 quos
470 2404 670 2476 paternorum
686 2397 833 2476 adoptavit
849 2398 916 2478 (neo
931 2396 1054 2458 dubium
1070 2403 1123 2471 est,
1147 2398 1218 2475 quin
1233 2397 1350 2475 proprie

268 2483 480 2559 consanguinei
497 2484 708 2563 appellentur):
729 2484 799 2545 item
815 2483 840 2543 si
855 2484 920 2560 quis
936 2503 973 2545 cx
988 2483 1090 2545 ceteris
1105 2482 1242 2562 adgnatis
1257 2483 1315 2543 tuis
1326 2482 1349 2558 ⁰,

267 2568 356 2629 veluti
375 2570 465 2631 frater
486 2576 537 2631 aut
551 2577 674 2649 patruus
697 2576 748 2631 ant
762 2570 888 2647 denique
910 2570 936 2631 is
958 2570 1009 2647 qui
1022 2569 1157 2648 longiore
1178 2570 1271 2647 gradu
1294 2576 1362 2644 est,

268 2654 395 2731 aliquem
419 2656 608 2734 adoptaverit,
632 2656 775 2734 adgnatos
797 2657 874 2717 inter
900 2655 992 2716 suos⁷
1014 2675 1080 2717 csse
1106 2675 1168 2716 non
1191 2656 1349 2718 dubitatur.

268 2739 405 2802 Ceterum
421 2742 497 2802 inter
511 2744 660 2804 masculos
676 2741 793 2819 quidem
809 2741 997 2820 adgnationis
1019 2742 1081 2803 iure
1095 2742 1245 2805 hereditas
1260 2742 1348 2803 etiarn
1366 2745 1383 2801 3

266 2825 441 2905 longissimo
465 2829 556 2905 gradu
577 2830 655 2889 ultro
677 2828 808 2905 citroque
830 2828 952 2906 capitur.
989 2828 1068 2906 quod
1089 2828 1126 2889 od
1141 2828 1267 2890 feminas
1281 2847 1350 2889 vero

267 2911 308 2972 ita
323 2913 467 2989 placebat,
491 2920 523 2973 ut
545 2914 626 2991 ipsae
641 2914 906 2992 consanguinitatis
926 2914 991 2976 iure
1005 2921 1120 2974 tantum
1136 2914 1254 2992 capiant
1267 2914 1349 2975 here

268 2997 399 3071 ditatem‚
424 2998 448 3058 si
472 3018 588 3061 sorores
611 3000 678 3073 sint,
702 3000 822 3061 ulterius
846 3020 906 3061 non
921 3000 1052 3079 capiant:
1075 3000 1198 3061 masculi
1220 3019 1289 3061 vero
1312 3001 1350 3060 ad

267 3103 373 3145 earum
389 3084 572 3161 hereditates,
596 3086 683 3147 etiam
707 3086 732 3147 si
745 3085 922 3164 longissimo
937 3086 1032 3165 gradu
1054 3085 1122 3160 sint,
1146 3086 1349 3147 admittantur.

267 3189 328 3247 qua
351 3171 387 3232 de
410 3190 499 3231 causa
515 3172 611 3233 fratris
626 3171 669 3233 tui
682 3179 733 3233 aut
747 3172 843 3250 patrui
857 3172 900 3233 tui
914 3172 990 3234 filiae
1005 3173 1050 3233 vel
1065 3172 1171 3235 amitae
1187 3180 1256 3234 tuae
1269 3172 1351 3234 here·

267 3256 343 3317 ditas
364 3257 400 3317 ad
415 3264 444 3318 te
460 3257 584 3334 pertinet
591 3257 613 3320 ⁸.
631 3264 689 3320 tua
703 3277 772 3320 vero
788 3258 824 3321 ad
840 3257 905 3320 illas
920 3278 982 3320 non
996 3259 1168 3337 pertinebat.
1192 3258 1270 3336 quod
1285 3258 1351 3320 ideo

265 3344 306 3405 ita
320 3343 513 3405 constitutum
528 3352 599 3419 erat,
615 3344 684 3423 quia
695 3345 880 3407 commodius
892 3344 1063 3408 ridebatur⁹
1074 3345 1115 3406 ita
1127 3346 1191 3407 iura
1202 3344 1351 3421 constitui,

265 3438 299 3491 nt
314 3430 487 3509 plerumque
500 3430 678 3493 hereditates
693 3432 729 3492 ad
745 3433 894 3494 masculos
909 3432 1100 3494 confluerent.
1128 3432 1180 3493 sed
1195 3431 1264 3511 quia
1279 3451 1352 3493 sane

266 3516 401 3594 iniquum
417 3524 478 3579 erat
489 3517 520 3578 in
532 3516 701 3579 universum
717 3524 767 3580 eas
782 3518 867 3596 quasi
882 3527 1035 3581 extraneas
1045 3518 1155 3597 repelli,
1171 3525 1289 3597 praetor
1299 3536 1350 3580 eas

267 3604 306 3663 ad
329 3604 477 3665 bonomnr
499 3602 755 3682 possessionem²⁰
777 3604 940 3666 admittit¹¹
962 3624 997 3667 ea
1018 3613 1109 3683 parte,
1133 3605 1192 3683 qua
1212 3604 1350 3683 proximi·

267 3688 337 3749 tatis
360 3690 482 3752 nomine
503 3691 651 3752 bonorum
667 3688 885 3770 possessionem
901 3691 1064 3769 pollicetur:
1087 3711 1124 3753 ex
1139 3711 1198 3769 qua
1210 3698 1295 3769 parte
1309 3691 1351 3753 ita

338 3843 348 3875 ¹
367 3844 409 3911 Of.
423 3841 738 3908 uat.3,9..16.23..30
756 3844 816 3913 qu.
828 3842 949 3906 38.t.16
969 3843 1163 3912 constans
1233 3843 1297 3912 ¹ct]
1322 3844 1351 3909 T,

265 3912 338 3964 utB
408 3910 537 3980 ⁸l,15,l
611 3911 781 3980 *datam
858 3911 1025 3978 ‘contu
1103 3912 1355 3980 'amthoar

502 3990 562 4035 atus
579 3980 615 4051 B)
636 3986 704 4036 inter
726 3980 796 4051 suos]
814 3983 942 4049 BTPWt,
965 3992 1076 4052 agnatus
1093 4002 1157 4037 suus
1175 3984 1231 4049 Wss,
1254 3978 1349 4048 ‹toy-m

268 3981 278 4011 '1

266 3980 542 4117 τιὲξεῖιὲξῗξέᾭων
559 4051 706 4104 συνίσταται
727 4050 758 4118 Θ,
782 4054 921 4105 secundum
938 4072 1012 4121 meam
1029 4063 1075 4105 out
1092 4054 1217 4120 adgnatos
1234 4067 1280 4104 vos
1304 4060 1351 4103 out

266 4120 451 4187 adgnationcm
469 4123 536 4175 inter
553 4139 600 4173 vos
617 4140 667 4175 scr.
738 4122 802 4174 teto
824 4122 853 4185 Τ,
870 4124 1016 4191 pertinebat
1032 4123 1060 4173 B
1074 4138 1132 4173 cum
1152 4119 1177 4174 θ
1240 4121 1349 4183 'sicil

266 4188 423 4241 videbantur
442 4190 465 4241 B
533 4189 556 4221 ¹⁰
573 4192 609 4242 sic
626 4190 658 4256 P,
676 4194 848 4259 possessiones
865 4191 954 4244 Brut
1019 4191 1041 4223 ¹¹
1059 4191 1096 4242 tic
1118 4191 1145 4254 T,
1164 4190 1313 4243 admittebat
1324 4190 1350 4241 B
