3309 4917
252 442 292 489 un
307 442 429 489 sumnus
768 424 828 486 143
1263 419 1342 487 ΝΛ

254 596 369 659 defendi
391 596 472 657 enim
493 615 602 657 uxores
624 596 747 669 stiria,
777 615 839 657 non
864 596 943 657 viros
972 596 1011 655 ab
1040 594 1183 656 uxoribus
1210 614 1340 672 aequum

253 690 307 745 est.
353 683 405 743 sed
427 689 456 744 et
485 700 569 745 socer
596 702 690 743 nurus
715 682 851 755 nomine,
880 681 1031 743 cuiusvis
1055 681 1086 742 in
1114 688 1260 760 potestate
1284 687 1339 756 est,

252 769 426 831 iniuriamm
453 786 543 847 agere
571 775 676 846 potest
729 764 863 829 ²*Servis
888 774 990 830 autem
1015 767 1088 846 ipsis
1113 768 1232 845 qtudem
1257 768 1376 829 nuitatt

255 851 377 916 *iniuria
398 854 460 916 fieri
482 854 668 933 intellegitur,
692 854 744 915 sed
766 854 888 916 domino
909 873 962 932 per
983 872 1035 915 eus
1049 852 1112 915 fieri
1126 853 1252 916 videtur:
1277 873 1340 915 non

254 937 371 1005 *tamen
393 940 487 1004 isdem
509 940 619 1015 modis,
648 940 755 1018 quibus
778 940 867 1002 etiam
890 960 942 1019 per
963 940 1072 1001 tiberne
1093 947 1123 1001 et
1143 958 1264 1014 uxorea,
1287 940 1340 1001 sed

255 1023 311 1089 *ita
332 1046 400 1088 cum
421 1026 491 1105 quid
514 1026 642 1087 atrocius
664 1026 859 1087 commissum
883 1025 970 1087 fuerit
994 1023 1043 1087 et²
1068 1026 1148 1103 quod
1175 1032 1275 1104 aperte
1302 1026 1341 1087 ad

256 1110 480 1175 *contumeliam
503 1108 630 1173 domini*
653 1112 779 1190 respicit.
816 1108 919 1174 *veluti
940 1112 966 1173 si
987 1112 1055 1190 qtiis
1076 1112 1206 1174 alienum
1219 1130 1340 1173 senum

255 1196 477 1272 *verberaverit
505 1206 534 1259 et
560 1198 590 1258 in
617 1196 698 1259 hunc
723 1217 825 1259 casum
851 1199 928 1260 actio
953 1198 1144 1277 proponitur:
1173 1205 1206 1261 at
1226 1198 1253 1258 si
1273 1198 1340 1275 quis

254 1282 355 1347 *torvo
378 1284 543 1345 convicium
565 1284 664 1346 iecerit
686 1285 731 1345 vel
753 1304 857 1363 pugno
879 1303 948 1346 eum
969 1280 1169 1362 percusserit⁴,
1193 1278 1290 1345 <nana
1307 1283 1339 1345 in

253 1390 321 1433 eum
349 1371 424 1432 aetio
453 1370 574 1432 domino
602 1365 765 1448 competit’
800 1370 832 1431 Si
854 1370 1005 1432 communi
1027 1389 1113 1430 servo
1135 1369 1241 1430 iniuria
1262 1370 1375 1431 indat

253 1457 300 1530 sit,
323 1476 452 1534 aequum
475 1463 600 1518 estnon
623 1475 678 1534 pro
700 1475 736 1517 ea
757 1463 854 1534 parte,
883 1476 945 1534 qua
965 1456 1105 1517 dominus
1134 1456 1260 1533 quisque
1283 1462 1339 1530 est,

253 1541 487 1603 aestimationem
510 1541 633 1604 iniuriae
654 1542 729 1615 fieri,
753 1542 806 1603 sed
827 1562 864 1603 ex
886 1542 1077 1605 dominorum
1098 1560 1239 1620 mona,
1270 1542 1340 1619 quia

252 1628 324 1707 ipsis
346 1628 379 1689 tit
399 1628 514 1691 iniuria.
552 1628 664 1702 Quodsi
685 1646 758 1689 usus
779 1628 892 1689 fruetus
907 1628 938 1689 in
953 1646 1037 1690 servo
1052 1628 1121 1689 Titii
1135 1635 1190 1702 eet,
1211 1627 1375 1706 propriet

253 1722 299 1775 tas
321 1714 424 1776 naevii
446 1722 505 1789 est,
527 1714 625 1792 magis
646 1715 759 1775 Maenio
781 1714 888 1775 iniuria
908 1714 972 1775 fieri
998 1714 1186 1792 intellegitur.
1230 1714 1291 1775 Sed
1314 1714 1339 1774 si
1357 1725 1375 1780 6

252 1800 355 1873 libero,
378 1801 429 1877 qui
451 1800 503 1860 tibi
525 1802 604 1861 bona
625 1800 682 1861 fide
695 1800 793 1873 servit,
815 1800 923 1862 iniuria
938 1800 1015 1861 tacta
1030 1799 1077 1873 sit,
1100 1800 1183 1861 nulla
1196 1799 1249 1861 tibi
1264 1799 1339 1861 actio

253 1885 378 1960 dabitur,
402 1887 455 1946 sed
477 1904 532 1947 suo
553 1886 676 1948 nomine
690 1885 715 1946 is
730 1886 856 1964 experiri
869 1886 987 1963 poterit:
1011 1886 1068 1946 nisi
1082 1886 1113 1946 in
1129 1886 1340 1947 contumeliam

253 1978 336 2032 tuam
359 1972 493 2048 pulsatus
515 1971 561 2045 sit,
584 1979 655 2032 tuno
676 1971 756 2033 enim
779 1972 919 2049 competit
939 1979 969 2032 et
990 1971 1042 2033 tibi
1064 1971 1239 2032 iniuriarum
1252 1971 1339 2033 actio.

256 2054 355 2118 ⁸idem
376 2074 448 2135 ergo
468 2064 515 2118 est
536 2064 566 2118 et
585 2056 617 2118 in
640 2076 725 2118 servo
747 2057 844 2119 alieno
866 2058 946 2118 bone
967 2057 1025 2119 tide
1044 2057 1099 2118 tibi
1120 2056 1278 2131 serviente,
1307 2063 1341 2117 ut

253 2142 362 2204 totiens
376 2142 547 2204 admittatur
559 2143 732 2205 iniuriarum
743 2142 829 2218 actio,
845 2142 982 2221 quotiens
993 2143 1024 2205 in
1037 2150 1119 2205 tuam
1130 2142 1340 2205 contumeliam

253 2228 359 2290 iniuria
380 2229 407 2290 ei
429 2229 506 2290 tacta
528 2229 574 2290 sit.

321 2311 455 2377 ⁴*Poena
486 2323 585 2377 autem
614 2314 788 2377 iniuriarum
817 2334 854 2377 ex
885 2314 952 2392 lege
983 2315 1139 2377 duodecim
1171 2315 1375 2380 tabuiarsamt

255 2397 388 2479 *propter
408 2403 578 2463 membrum
600 2401 720 2479 quidem
741 2409 862 2480 ruptum
883 2401 952 2462 talin
967 2408 1042 2462 erat:
1069 2409 1190 2479 propter
1203 2401 1259 2462 os‘
1272 2421 1341 2462 vero

255 2482 410 2548 *tractum*
433 2481 634 2548 ‘nummariae
655 2506 769 2565 poenae
791 2493 875 2548 erant
896 2486 1070 2549 constitutae
1084 2486 1171 2563 quasi
1184 2486 1216 2546 in
1230 2506 1342 2563 magna

252 2580 384 2634 veterum
411 2580 593 2651 paupertate
635 2572 687 2633 sed
714 2578 816 2650 postea
844 2578 994 2650 praetores
1020 2567 1244 2649 permittebant>
1269 2572 1342 2650 ipsis

254 2659 304 2736 qui
334 2654 485 2719 *iniuriam
514 2659 594 2737 passi
623 2664 693 2719 sunt
722 2677 787 2719 eam
817 2659 988 2731 aestimate,
1017 2665 1051 2719 ut
1077 2658 1165 2719 iudex
1193 2658 1240 2719 vel
1267 2657 1341 2721 tanti

256 2740 458 2816 *condemnem
489 2744 591 2822 quanti
613 2743 749 2805 iniuriam
773 2762 880 2821 passus
902 2743 1112 2817 aestimaverit,
1139 2745 1183 2804 vet
1206 2743 1340 2818 minoris,

256 2826 358 2907 *prout
380 2829 407 2889 ei
429 2829 525 2891 visum
547 2825 659 2891 fuerit*
697 2829 749 2890 sed
771 2848 868 2907 poena
890 2829 1009 2907 quidem
1037 2829 1173 2903 iniuriae,
1203 2849 1279 2907 quae
1305 2849 1343 2890 ex

255 2915 321 2993 lege
343 2914 497 2977 duodecim
520 2916 688 2977 tabulamm
709 2914 877 2977 introducta
897 2922 951 2990 est,
973 2916 1006 2977 in
1020 2915 1243 2980 desuetudinem
1258 2915 1342 2976 abiit:

255 3018 346 3079 quam
378 3007 476 3063 autem
508 3008 656 3079 praetores
676 3001 925 3075 introduxerunt,
959 3021 1037 3078 quae
1066 3001 1155 3062 etiam
1183 2998 1342 3062 honoraria

255 3087 430 3164 appellatur,
460 3086 491 3147 in
520 3086 633 3149 iudiciis
662 3087 874 3165 frequentatur.
918 3106 990 3148 nam
1020 3087 1184 3152 secundum
1213 3087 1341 3165 gradum

254 3172 405 3251 dignitatis
427 3172 561 3251 vitaeque
589 3171 775 3235 honestatem
802 3173 906 3235 crescit
933 3180 984 3235 aut
1009 3172 1152 3235 minuitur
1177 3172 1342 3237 aestimatio

253 3258 391 3321 iniuriae:
419 3258 469 3336 qui
495 3260 607 3339 gradus
629 3258 884 3321 condemnationis
907 3258 988 3321 etin
1010 3258 1108 3322 servili
1130 3278 1258 3338 persona
1279 3277 1342 3323 non

254 3344 402 3409 immerito
424 3351 566 3419 servatur,
589 3352 622 3405 ut
643 3344 722 3407 aliud
737 3345 768 3406 in
784 3365 869 3407 servo
885 3353 992 3421 actore,
1016 3345 1095 3407 aliud
1110 3345 1140 3406 in
1154 3345 1244 3407 medii
1259 3351 1342 3411 aetus

254 3430 389 3503 homine,
418 3430 496 3491 aliud
518 3430 550 3492 in
572 3431 713 3493 vilissimo
735 3432 781 3493 vel
803 3432 967 3510 compedito
989 3432 1192 3493 constituatur.
1230 3429 1289 3493 Sed
1313 3437 1377 3496 et8

254 3516 303 3577 lex
325 3515 462 3581 Cornelia
482 3518 520 3578 de
541 3516 654 3579 iniuriis
676 3517 805 3595 loquitur
827 3525 856 3579 et
883 3518 1057 3580 iniuriarum
1084 3517 1231 3581 actionem
1252 3517 1342 3578 intro

255 3601 347 3663 duxit.
387 3621 464 3680 quae
491 3603 631 3681 competit
660 3604 698 3665 ob
726 3623 793 3665 eam
820 3623 899 3677 rem,
929 3604 1009 3681 quod
1037 3624 1070 3665 se
1097 3604 1248 3681 pulsatum
1275 3603 1342 3681 quis

255 3688 476 3751 verberatumve
498 3690 658 3751 domumve
679 3708 766 3751 suam
789 3689 816 3751 vi
837 3689 991 3751 introitum
1013 3709 1079 3754 esse
1101 3688 1186 3755 dicat.
1218 3690 1342 3751 domum

255 3779 355 3835 autem
381 3775 553 3853 accipimus,
587 3776 647 3837 sive
674 3775 705 3837 in
732 3775 849 3854 propria
875 3776 964 3838 domo
991 3776 1057 3853 quis
1082 3774 1196 3837 habitat
1222 3774 1283 3838 sive
1311 3774 1343 3838 in

256 3859 401 3920 eonducta
423 3860 467 3921 vel
489 3864 581 3941 gratis
604 3862 665 3922 sive
687 3859 813 3938 hospitio
836 3868 971 3938 receptus
994 3862 1040 3924 sit.
1088 3858 1215 3922 ⁸*Atreu
1236 3859 1378 3926 iniuriae

287 4063 293 4075 ·
326 3995 336 4026 ²
356 3992 514 4059 uaesana
584 3994 650 4063 ¹0t]
669 3994 792 4060 AtaPo,
812 4014 861 4051 oa
875 3996 1040 4079 neaeman
1106 3992 1343 4097 wesemale

255 4062 316 4184 01ξὲξέ
317 4061 437 4184 37:413&
434 4062 467 4118 15
485 4062 713 4201 §28621171532557
726 4066 763 4118 ud
773 4063 825 4135 cd.)
880 4067 893 4100 ⁴
906 4067 963 4134 Gon.
973 4062 998 4130 8,
1008 4063 1130 4119 taam
1204 4059 1244 4132 oe]
1257 4060 1343 4115 Pua.
