3309 4917
263 487 624 543 oumnsuonrsmsrs
705 472 914 568 —1—9*
1278 469 1307 535 t,
1320 469 1354 524 12

264 662 318 721 per
341 642 443 703 omnia
464 630 622 720 pristinum
644 650 755 705 statum
777 643 929 722 recipiunt.
960 642 1110 721 ¹Relegati
1133 650 1234 705 autem
1256 650 1353 722 patres
1372 649 1388 703 2

265 729 298 789 in
312 729 443 789 insulam
464 727 496 788 in
511 735 655 806 potestate
676 748 731 790 sua
745 729 854 790 liberos
869 730 1009 792 retinent:
1032 737 1061 790 et
1078 749 1094 792 e
1109 730 1256 791 contrario
1270 730 1355 792 liberi

264 814 388 893 relegati
410 815 441 874 in
455 820 599 893 potestate
613 823 771 894 parentum
786 822 951 879 remanent.
985 815 1103 877 Poenae
1117 835 1218 877 servus
1233 816 1354 878 effectus
1373 822 1390 878 3

265 898 342 962 filios
364 900 394 961 in
410 907 554 979 potestate
567 901 677 963 habere
691 901 807 966 desinit.
829 902 905 962 servi
927 908 1026 962 autem
1043 921 1156 980 poenae
1179 901 1354 973 efficiuntur,

266 987 316 1066 qui
343 987 375 1047 in
396 987 551 1048 metallum
573 987 753 1048 damnantur
779 994 808 1049 et
829 988 880 1064 qui
901 987 1000 1049 bestiis
1027 988 1219 1049 subiciuntur.
1264 988 1390 1050 Filiust

265 1073 393 1134 familias
422 1072 447 1132 si
473 1072 652 1147 militaverit,
680 1075 726 1135 vel
755 1073 781 1133 si
802 1080 922 1134 senator
944 1075 990 1134 rel
1016 1075 1120 1135 consul
1142 1073 1229 1136 fuerit
1250 1073 1354 1148 factus,

265 1166 368 1220 manet
389 1159 421 1218 in
442 1159 533 1237 patris
556 1166 709 1237 potestate.
732 1159 836 1220 militia
858 1159 938 1220 enim
957 1161 1004 1220 vel
1025 1157 1212 1221 consularia²
1227 1159 1355 1238 dignitas

266 1246 358 1323 patris
373 1251 517 1323 potestate
532 1245 625 1306 lilium
647 1264 709 1306 non
723 1245 836 1307 liberat.
861 1240 928 1306 ‘sed
950 1263 986 1306 ex
1001 1245 1209 1307 constitutione
1231 1244 1355 1308 nostra³

267 1326 403 1392 ‘summa
417 1330 586 1409 patriciatus
601 1331 729 1409 dignitas
752 1330 817 1392 ilico
840 1332 878 1392 ab
900 1329 1099 1408 imperialibus
1122 1331 1260 1393 codicillis
1275 1351 1355 1410 prae

267 1412 358 1477 ‘stitis
373 1437 391 1477 a
404 1416 497 1495 patria
508 1423 651 1494 potestate
662 1417 775 1478 liberat.
798 1417 864 1494 quis
880 1417 960 1478 enim
972 1415 1098 1494 patiatur
1110 1423 1224 1494 patrem
1236 1417 1355 1494 quidem

268 1498 370 1580 <posse
386 1523 437 1581 per
451 1502 694 1580 emancipationis
716 1503 840 1563 modum
863 1521 934 1564 suae
949 1505 1100 1582 potestatis
1122 1503 1247 1562 nexibus
1262 1502 1355 1563 filium

266 1585 422 1663 ‘relaxare
438 1588 658 1666 imperatoriam
669 1596 768 1650 autem
781 1588 984 1649 celsitudinem
1000 1589 1170 1650 convalere
1185 1607 1254 1648 eum
1266 1606 1355 1665 quem

266 1670 338 1735 ‘sibi
350 1682 465 1753 patrem
479 1675 568 1752 elegit
582 1675 620 1735 ab
632 1674 728 1736 aliena
739 1675 868 1736 eximere
880 1669 1056 1752 potestatel’
1082 1670 1152 1734 “Si
1167 1674 1205 1735 ab
1217 1674 1353 1735 hostibus
1372 1681 1389 1735 5

270 1762 389 1839 ‘captus
404 1760 490 1821 fuerit
504 1780 621 1839 parens,
638 1761 773 1838 quamvis
788 1779 890 1822 servus
906 1760 1036 1821 hostium
1051 1759 1110 1834 fiat,
1133 1767 1233 1822 tamen
1249 1760 1356 1839 pendet

270 1844 333 1908 *ius
346 1847 508 1908 liberorum
524 1853 642 1925 propter
663 1847 709 1908 ius
732 1846 916 1925 postliminii:
939 1845 1008 1924 quia
1029 1845 1070 1919 hi,
1094 1846 1145 1922 qui
1167 1847 1205 1906 ab
1220 1846 1355 1908 hostibus

269 1930 364 2010 *capti
392 1939 476 2004 sunt,
507 1933 532 1992 si
560 1932 669 1994 reversi
691 1933 812 2005 luerint,
843 1932 944 1992 omnia
966 1931 1089 2009 pristina
1117 1931 1181 1992 iura
1203 1931 1354 2010 recipiunt.

269 2016 391 2079 *idcirco
417 2037 552 2079 reversus
582 2025 612 2080 et
638 2019 747 2079 liberos
776 2017 896 2078 habebit
924 2017 955 2078 in
981 2013 1155 2096 potestate*
1185 2017 1253 2095 quia
1279 2024 1355 2094 post·

158 2127 161 2132 ·
267 2102 414 2164 liminium
438 2103 523 2182 lingit
551 2124 621 2165 eum
644 2105 695 2182 qui
718 2111 820 2182 captus
848 2110 893 2164 est
916 2123 1031 2180 semper
1061 2103 1092 2163 in
1115 2102 1229 2164 civitate
1251 2103 1353 2164 luisse:

266 2191 292 2250 si
307 2209 375 2251 vero
397 2190 438 2250 ibi
451 2191 615 2265 decesserit
640 2191 754 2265 exinde,
778 2210 815 2252 ex
830 2209 889 2268 quo
911 2197 1014 2268 captus
1037 2196 1082 2251 est
1096 2198 1187 2270 pater,
1211 2189 1288 2251 iilius
1310 2190 1355 2251 sui

266 2276 338 2338 iuris
359 2276 449 2337 fuisse
471 2277 593 2338 ridetur.
620 2276 697 2355 *ipse
718 2296 836 2354 quoque
858 2276 934 2337 filius
957 2295 1086 2354 neposve
1112 2276 1137 2337 si
1159 2277 1196 2337 ab
1219 2276 1354 2337 hostibus

269 2361 386 2441 *captus
412 2363 512 2436 fuerit,
547 2362 678 2424 similiter
706 2360 851 2423 dicimus⁵
882 2369 1000 2440 propter
1032 2362 1078 2422 ius
1106 2361 1276 2441 postliminii
1309 2362 1355 2422 ius

269 2441 402 2526 *quoque
417 2449 568 2526 potestatis
582 2447 713 2527 parentis
734 2448 765 2508 in
788 2467 934 2526 suspenso
957 2445 1046 2510 esse.⁴
1070 2449 1181 2509 dictum
1196 2454 1241 2509 est
1255 2454 1354 2508 autem

267 2535 482 2612 postliminium
503 2555 521 2594 a
535 2535 636 2595 limine
650 2540 679 2594 et
693 2541 769 2612 post,
793 2533 846 2596 ut⁰
861 2554 939 2609 eum,
963 2534 1014 2612 qui
1028 2535 1065 2594 ah
1081 2533 1215 2595 hostibus
1230 2525 1354 2612 captus⁷

165 2681 171 2686 ,
267 2623 296 2680 in
326 2620 401 2681 fines
428 2628 545 2681 nostros
573 2627 675 2698 postea
706 2620 850 2698 pervenit,
885 2620 1064 2698 postliminio
1098 2638 1248 2681 reversum
1279 2628 1355 2681 recte

267 2707 401 2768 dicimus.
425 2726 496 2766 nam
518 2706 621 2766 limina
643 2706 717 2767 sicut
738 2705 769 2766 in
791 2706 929 2767 domibus
951 2706 1041 2768 linem
1061 2706 1211 2783 quendam
1234 2705 1353 2780 iaciunt,

267 2793 310 2852 sic
331 2799 360 2853 et
382 2791 494 2868 imperii
510 2791 601 2852 linem
615 2791 709 2853 limen
731 2811 796 2852 esse
810 2800 922 2853 veteres
938 2792 1103 2853 voluerunt.
1126 2791 1197 2852 hinc
1219 2799 1247 2852 et
1268 2791 1355 2851 limes

268 2878 362 2937 dictus
384 2883 429 2936 est
451 2877 535 2952 quasi
557 2875 624 2937 linis
646 2877 767 2953 quidam
789 2884 818 2937 et
840 2877 994 2938 terminus.
1024 2879 1062 2936 ab
1084 2895 1119 2936 eo
1141 2874 1355 2952 postliminium

268 2961 389 3033 dictum,
413 2961 482 3035 quia
503 2961 607 3020 eodem
622 2961 725 3022 limine
738 2964 945 3033 revertebatur,
970 2979 1028 3036 quo
1044 2960 1172 3020 amissus
1187 2966 1258 3021 erat.
1285 2958 1355 3020 8sed

269 3053 299 3105 et
328 3044 379 3120 qui
405 3045 486 3105 victis
508 3044 643 3106 hostibus
673 3053 874 3123 recuperatur,
905 3045 1085 3124 postliminio
1112 3045 1232 3106 rediisse
1260 3044 1354 3107 existi-

268 3137 376 3191 matur.
424 3127 614 3191 ⁹*Praeterea
644 3131 877 3210 emancipatione
904 3151 1022 3209 quoque
1044 3131 1182 3193 desinunt
1210 3131 1292 3194 liberi
1322 3131 1388 3203 ina

271 3214 429 3295 *potestate
450 3223 606 3297 parentum
634 3213 725 3281 esse.⁴
759 3211 826 3278 <sed
853 3237 887 3279 ea
910 3217 1103 3296 emancipatio
1126 3225 1213 3280 antea
1235 3219 1353 3296 quidem

268 3295 328 3365 <vel
350 3305 575 3382 perantiquam
597 3305 671 3383 legis
694 3305 929 3366 observationem
952 3306 1139 3384 procedebat,
1167 3304 1281 3384 quae¹⁰
1302 3325 1354 3384 per

268 3381 472 3466 <imaginarias
487 3390 668 3453 venditiones
690 3398 719 3453 et
734 3390 946 3453 intercedentes
961 3391 1211 3452 manumissiones
1230 3393 1353 3453 celebra·

268 3469 383 3550 ‘batua
406 3478 451 3538 vel
473 3497 509 3538 ex
531 3477 674 3557 imperiali
695 3477 847 3555 rescripto.
877 3485 979 3539 nostra
1001 3486 1100 3540 autem
1123 3477 1304 3556 providentia
1326 3486 1355 3539 et

268 3555 341 3622 <hoc
355 3563 386 3621 in
401 3562 507 3624 melius
522 3583 575 3642 per
589 3562 860 3626 constitutionemss
871 3564 1047 3638 reformavit,
1061 3571 1094 3625 ut
1104 3564 1220 3626 fictione
1231 3564 1354 3642 pristina

269 3641 403 3726 <explosa
430 3657 509 3711 recta
538 3649 583 3709 ria
616 3650 694 3727 apud
721 3656 922 3727 competentes
956 3649 1065 3711 iudices
1091 3652 1138 3710 vel
1164 3651 1354 3728 magistratus

270 3728 422 3811 <parentes
443 3736 555 3796 intrent
575 3742 604 3796 et
625 3736 701 3797 tilios
724 3755 795 3797 suos
814 3736 860 3797 vel
882 3735 956 3798 filias
979 3737 1025 3796 vel
1047 3742 1168 3814 nepotes
1184 3738 1230 3798 vel
1251 3743 1354 3814 neptes

339 3887 349 3918 ¹
368 3890 383 3950 5
395 3886 412 3940 2
428 3889 465 3942 ta.
477 3906 509 3940 ec
520 3889 655 3941 Marcioni
673 3891 690 3942 l.
703 3887 720 3940 2
736 3890 795 3941 inat.
815 3888 885 3956 (th.
899 3888 947 3952 48„
955 3886 989 3940 22
1000 3889 1015 3950 ἐ
1024 3887 1051 3953 4)
1117 3890 1128 3920 ¹
1146 3889 1182 3942 cic
1194 3889 1278 3954 APE,
1295 3905 1354 3941 con-

266 3957 363 4008 sularis
375 3955 401 4008 B
475 3957 550 4019 ⁸54
563 3961 614 4026 fio.
632 3975 665 4011 aa
684 3958 745 4011 (lod.
764 3955 804 4021 12,
814 3955 865 4024 3,5
943 3958 954 3990 ⁴
974 3957 1033 4010 Gai.
1053 3956 1136 4024 1,129
1212 3960 1354 4010 ⁵dicemus

268 4025 328 4078 Gai.
401 4027 460 4078 ⁸ut
476 4026 570 4090 fflBP,
586 4035 613 4078 et
632 4027 726 4094 Aqup
797 4024 925 4094 τεερῐιιε]
939 4023 999 4089 ΒΘ,
1017 4044 1065 4079 om.
1079 4027 1131 4078 ΑΡ
1218 4027 1228 4058 ⁸
1247 4025 1290 4088 §5
1302 4029 1353 4094 fin.

268 4111 299 4145 ea·
316 4094 393 4148 Flor.
413 4097 430 4148 l.
450 4095 466 4148 6
482 4097 541 4148 inat.
560 4094 630 4162 (Dip.
649 4095 692 4160 49,
704 4093 745 4161 16,
757 4093 802 4161 26)
883 4095 893 4126 ⁰
913 4095 972 4148 eat.
992 4095 1016 4159 l,
1031 4093 1081 4148 132
1159 4096 1181 4127 ¹⁰
1199 4092 1276 4162 quae]
1296 4096 1353 4163 ΑΡ,

269 4180 316 4215 can.
335 4163 361 4214 B
433 4165 454 4196 ¹²
474 4164 535 4217 Occi.
554 4163 624 4228 8,48
636 4163 730 4230 (49)‚6

1115 4263 1148 4316 2*
