3309 4917
254 450 286 505 'vr
300 456 445 505 sononuu
459 457 624 503 aurronuu
694 433 903 536 Q
1230 435 1279 503 IV,
1291 428 1344 491 aa

253 608 429 673 <existimet:
458 610 510 671 sed
533 609 557 670 si
580 610 788 687 quis1contra
810 618 920 673 statuta
941 608 1048 683 iacent,
1071 609 1113 671 rei
1134 610 1255 687 quidem
1271 628 1343 671 suae

254 694 401 759 ‘dominio
422 697 535 770 cadere,
559 696 605 757 sin
626 704 725 759 autem
740 698 837 758 aliena
851 698 897 771 sit,
920 704 989 775 post
1003 694 1238 757 restitutionem²
1253 696 1343 757 etiam

137 824 139 829 ,
253 780 505 845 ‘aestimationem
528 782 659 843 eiusdem
681 784 724 844 rei
744 790 904 861 praestare.
939 783 1018 861 quod
1040 802 1102 843 non
1121 784 1218 848 solum
1232 782 1264 842 in
1281 800 1343 843 mo·

253 866 377 931 ‘bilibus
399 870 500 942 rebus,
530 886 606 945 quae
627 870 690 947 rapi
712 877 851 947 possunt,
875 868 1100 931 constitutiones
1121 868 1255 947 optinere
1277 886 1344 929 cen·

253 952 405 1031 ‘suerunt
429 954 591 1016 sedetiam
613 954 645 1015 in
667 954 885 1029 invasionibus,
912 972 989 1032 quae
1010 955 1087 1016 circa
1108 972 1157 1015 res
1179 954 1234 1015 soli
1255 954 1341 1028 fiunt,

253 1038 302 1103 <ut
321 1060 360 1103 ex
381 1042 438 1103 hac
458 1056 549 1102 causa
571 1040 653 1101 omni
675 1042 778 1119 rapina
801 1041 938 1103 homines
960 1036 1154 1102 abstineant.>
1201 1039 1253 1100 ⁸In
1284 1040 1377 1103 hart

256 1129 373 1191 actione
394 1145 456 1190 non
478 1127 787 1205 utiqueexspeotatur
808 1146 873 1189 rem
895 1127 926 1187 in
949 1127 1036 1187 bonis
1049 1126 1155 1188 actoris
1170 1146 1249 1188 esse:
1272 1144 1344 1187 nam

253 1218 314 1276 sire
335 1214 367 1275 in
388 1213 475 1275 bonis
498 1213 536 1273 sit
558 1212 618 1273 sive
639 1232 702 1274 non
725 1213 775 1287 sit,
807 1213 831 1274 si
860 1219 963 1275 tamen
989 1231 1026 1273 ex
1052 1212 1137 1273 bonis
1166 1213 1217 1288 sit,
1245 1213 1344 1273 locum

252 1300 326 1362 haec
349 1301 425 1361 actio
446 1298 575 1361 habebit.
610 1316 702 1376 quare
717 1300 778 1361 sive
790 1299 978 1360 commodata
993 1298 1054 1359 sire
1069 1300 1165 1359 locata
1180 1298 1241 1359 sive
1254 1298 1344 1359 etiam

253 1388 407 1465 pignerata
429 1385 490 1446 sive
512 1385 645 1463 deposita
668 1385 704 1446 sit
727 1386 805 1463 apud
821 1385 933 1445 Titium
948 1385 999 1458 sic,
1023 1391 1055 1445 ut
1069 1384 1184 1444 intersit
1198 1384 1261 1445 eius
1276 1402 1343 1445 eam

253 1490 315 1533 non
338 1471 458 1545 auferri,
490 1470 578 1531 veluti
600 1471 625 1532 si
647 1471 678 1532 in
700 1490 732 1532 re
754 1472 887 1551 deposita
908 1473 1026 1551 culpam
1055 1487 1173 1547 quoque
1199 1469 1343 1548 promisit,

253 1559 314 1620 sive
335 1560 415 1619 bona
436 1558 496 1618 fide
515 1557 673 1635 possideat,
696 1559 757 1619 sive
780 1576 868 1619 usum
891 1558 1019 1619 fructum
1040 1556 1072 1617 in
1094 1576 1129 1617 ea
1150 1556 1215 1633 quis
1236 1556 1345 1616 habeat

253 1645 296 1705 rel
321 1644 399 1723 quod
432 1641 509 1705 aliud
534 1644 594 1717 ius,
622 1650 655 1705 ut
681 1644 793 1705 intersit
821 1644 885 1705 eius
913 1662 975 1705 non
1004 1645 1081 1721 rapi:
1114 1642 1272 1703 dicendum
1299 1647 1345 1702 est

253 1737 420 1809 competere
443 1730 468 1791 ei
490 1730 569 1790 hauc
595 1730 755 1804 actionem,
785 1737 818 1790 ut
846 1748 908 1791 non
936 1728 1100 1789 dominium
1126 1729 1262 1807 accipiat,
1292 1727 1344 1789 sed

253 1816 324 1877 illud
348 1817 459 1889 solum,
488 1816 567 1891 quod
594 1834 631 1875 ex
653 1816 740 1876 bonis
762 1816 825 1877 cius
853 1816 903 1893 qui
931 1814 1067 1894 rapinam
1094 1831 1201 1893 passus
1228 1820 1286 1888 est,
1315 1813 1344 1874 id

254 1909 299 1963 est
321 1902 400 1979 quod
423 1916 459 1961 ex
481 1900 646 1961 substantia
668 1901 731 1961 eius
753 1902 885 1961 ablatum
908 1920 973 1961 esse
987 1908 1179 1979 proponatur.
1213 1908 1242 1961 et
1256 1918 1344 1978 gene·

253 1988 353 2049 naliter
375 1986 532 2048 dicendum
554 1993 611 2060 est,
641 2004 677 2047 ex
700 1986 807 2064 quibus
831 1987 928 2048 causis
949 1988 1018 2047 furti
1040 1984 1115 2047 actio
1146 1986 1284 2064 competit
1311 1985 1343 2045 in

254 2092 286 2134 re
308 2075 385 2135 clam
407 2074 498 2147 iacta,
526 2090 562 2133 ex
583 2072 686 2133 isdem¹
700 2074 796 2134 causis
819 2091 925 2134 omnes
947 2074 1057 2134 habere
1079 2072 1157 2133 hanc
1186 2072 1342 2133 actionem.

767 2320 827 2382 ΙΠι

626 2428 674 2484 ΒΕ
693 2416 786 2484 LEGE
803 2427 965 2491 AQUILIA.

322 2538 463 2605 ⁵*ttamni
493 2542 617 2605 iniuriae
643 2539 718 2605 aetio
752 2543 938 2605 constituitur
970 2562 1023 2621 per
1055 2544 1153 2621 legem
1182 2542 1343 2620 Aquiliam.

254 2626 352 2691 'euius
373 2630 470 2709 primo
493 2630 587 2709 eapite
609 2637 729 2691 cautum
751 2637 809 2705 est,
841 2635 871 2689 nt
898 2628 924 2689 si
945 2629 1011 2705 quis
1038 2625 1191 2690 hominem
1215 2628 1345 2690 alienum

255 2710 434 2777 *atenamve
456 2713 677 2793 quadrupedem
700 2735 776 2793 quae
798 2715 946 2793 pecudum
969 2732 1094 2776 numero
1117 2714 1154 2775 sit
1176 2714 1283 2775 iniuria
1298 2734 1343 2775 oc·

255 2796 381 2875 *uiderit
405 2800 508 2877 quanti
530 2820 566 2861 ea
587 2820 634 2861 res
656 2800 687 2861 in
709 2821 744 2862 eo
768 2820 848 2862 anno
870 2798 989 2878 plurimi
1004 2800 1068 2874 fuit,
1090 2807 1208 2861 tantum
1223 2798 1344 2861 domino

256 2882 342 2947 *dare
364 2883 545 2948 damnetur*
576 2886 662 2959 Quod
684 2893 783 2949 autem
798 2907 860 2948 non
876 2884 1006 2966 praecise
1021 2886 1057 2947 de
1071 2886 1268 2964 quadrupede,
1292 2885 1344 2947 sed
1362 2896 1377 2948 1

256 2973 292 3032 de
318 2992 353 3033 ea
375 2979 491 3033 tantum
514 2992 590 3050 quae
612 2974 758 3050 pecudum
780 2992 906 3033 numero
928 2978 972 3033 est
994 2979 1125 3046 cavetur,
1153 2992 1188 3033 eo
1210 2972 1343 3049 pertinet,

255 3066 289 3119 ut
314 3076 411 3139 neque
432 3058 469 3119 de
490 3058 558 3119 feris
581 3058 680 3119 bestiis
703 3056 800 3136 neque
822 3058 859 3119 de
881 3058 1004 3118 canibus
1020 3066 1139 3119 cautum
1154 3078 1220 3119 esse
1235 3058 1345 3119 intelle

255 3164 371 3221 gamus,
394 3144 446 3205 sed
468 3144 504 3205 de
526 3144 573 3204 his
595 3152 720 3219 tantum,
744 3163 820 3222 quae
843 3144 959 3223 proprie
980 3144 1059 3221 pasci
1075 3144 1221 3217 dicuntur,
1244 3145 1346 3222 quales

256 3238 327 3293 sunt
349 3228 417 3308 equi
440 3230 513 3292 muli
535 3230 610 3291 asini
626 3232 716 3292 boves
732 3251 800 3293 oves
815 3250 931 3310 caprae.
965 3230 1002 3291 de
1016 3230 1119 3291 suibus
1134 3249 1252 3308 quoque
1267 3228 1345 3291 idem
1359 3287 1362 3293 ,

245 3316 381 3395 placuit:
411 3336 482 3379 nam
506 3324 534 3377 et
556 3336 624 3377 sues
651 3336 790 3395 pecorum
820 3316 1017 3394 appellatione
1045 3316 1247 3390 continentur,
1278 3317 1347 3394 quia

256 3411 285 3465 et
306 3404 337 3463 hi
360 3404 507 3482 gregatim
530 3409 704 3481 pascuntur:
728 3402 769 3463 sic
792 3402 918 3480 denique
941 3410 970 3463 et
983 3402 1131 3463 Homerus
1146 3402 1177 3463 in
1192 3400 1346 3479 Odyssea⁰

256 3489 306 3563 ait,
330 3484 419 3551 <sieut
444 3488 543 3549 Aelius
566 3488 732 3549 Marcianus
755 3489 786 3550 in
809 3488 870 3550 suis
892 3486 1147 3550 institutionibus⁷
1169 3483 1271 3551 relart'
1280 3513 1287 3553 z

310 3656 312 3662 .
362 3607 448 3691 δήεις
468 3606 524 3671 τόν
546 3631 582 3689 γε
604 3606 710 3671 σύεσσι
732 3607 928 3690 παρήμενον·
952 3608 989 3669 αἲ
1007 3606 1044 3670 δὲ
1064 3607 1214 3689 νέμονται

257 3740 258 3745 1
361 3693 430 3777 πὰρ
451 3692 608 3778 Κόρακος
628 3694 736 3777 πέτρῃ,
759 3694 812 3757 au
831 3716 864 3757 τε
885 3693 990 3776 κρήνῃ
1008 3691 1220 3777 Ἂρεθούσῃθ.

330 3862 425 3932 ¹quis]
444 3864 514 3927 ΔΨ,
536 3866 601 3931 quid
617 3864 651 3931 B,
673 3867 776 3932 quidem
794 3864 823 3917 Ε
896 3866 907 3897 ²
929 3862 1127 3931 restitutionem]
1151 3865 1185 3930 A,
1206 3872 1267 3917 rost.
1289 3865 1346 3916 eius

256 3934 324 3991 BW
391 3931 465 3993 ⁸52
482 3951 513 3985 car
530 3932 707 4001 opttus
725 3932 839 3996 §2223
856 3931 1008 3999 (Ulp.l.56
1026 3935 1063 3985 ad
1080 3932 1132 3999 cd)
1202 3933 1345 4000 4(ἕβίῖσί.

254 4000 437 4072 ,atlante
458 4000 584 4069 Dium
609 4003 670 4055 Ood.
685 4001 753 4065 3,35
831 4002 842 4035 ⁸
865 4002 924 4056 Gai.
937 4000 1023 4065 &210
1099 4002 1110 4033 ⁸
1136 4001 1184 4054 Od.
1199 3998 1239 4067 13,
1248 3998 1301 4055 407
1310 4018 1346 4069 sq.

256 4072 271 4103 'l
290 4070 351 4137 Dip.
364 4068 450 4136 8265
463 4070 504 4132 §4
565 4072 622 4124 ‘id
635 4082 686 4124 'cru
703 4071 820 4124 invenias
833 4088 893 4123 eum
905 4074 975 4139 apud
987 4087 1047 4123 suas
1059 4072 1197 4122 sedentem.
1223 4070 1273 4123 has
1284 4086 1347 4123 raro

258 4149 403 4208 pascuntur
420 4142 452 4191 ud
470 4142 575 4194 Coraois
592 4143 689 4195 clivum
707 4149 734 4194 at
749 4142 820 4209 apud
838 4144 936 4193 fontem
953 4142 1109 4193 Arethusam
