3309 4917
260 443 299 489 nn
313 443 425 489 noxas.
441 442 619 489 rcrroumns
776 426 836 486 157
1234 418 1281 488 IV,
1295 421 1319 476 7·
1331 422 1349 477 8

259 598 399 659 adversus
422 604 536 674 patrem
559 615 697 671 avumve,
729 597 789 657 sive
810 596 919 658 habeat
945 616 997 657 eos
1023 595 1120 657 adhuc
1146 596 1176 656 in
1204 601 1349 674 potestate

260 683 320 744 sive
342 682 581 760 emancipaverit.
626 701 702 760 quae
729 682 794 744 ideo
822 690 942 743 senatus
971 683 1132 761 prospexit,
1163 682 1232 759 quia
1261 701 1349 759 saepe

259 768 372 831 onerati
395 787 463 830 aere
486 770 581 831 alieno
604 769 780 831 creditarum
807 769 1014 845 pecuniarum,
1043 788 1118 846 quas
1143 768 1175 829 in
1201 768 1348 829 luxuriam

259 856 489 929 consumebant,
517 856 592 916 vitae
613 855 780 933 parentium
802 855 1025 916 insidiabantur.
1070 854 1145 915 Illud
1170 855 1202 914 in
1228 858 1382 915 summa8

258 940 440 1003 admonendi
462 960 566 1002 sumus
589 941 632 1014 id,
662 942 740 1019 quod
763 940 847 1001 iussu
869 941 960 1019 patris
988 941 1136 1001 dominive
1164 946 1347 1001 contractum

258 1028 345 1089 fuerit
367 1028 506 1105 quodque
528 1028 559 1088 in
583 1046 646 1087 rem
670 1027 732 1088 eius
752 1046 869 1087 versum
885 1026 980 1100 suerit,
1004 1027 1113 1089 directo
1129 1045 1246 1103 quoque
1260 1044 1348 1103 posse

259 1134 277 1175 a
298 1122 381 1191 patre
405 1114 562 1175 dominove
584 1113 711 1187 condici,
743 1121 897 1190 tamquam
920 1113 945 1173 si
966 1112 1163 1191 principaliter
1186 1131 1255 1173 cum
1283 1112 1348 1189 ipso

258 1200 413 1277 negotium
437 1207 556 1279 gestum
580 1207 668 1261 esset.
708 1199 734 1260 ei
757 1218 883 1277 quoque,
908 1199 957 1276 qui
979 1200 1024 1260 vel
1047 1199 1217 1260 exercitoria
1239 1199 1285 1258 vel
1306 1200 1348 1258 in·

259 1286 371 1347 stitoria
394 1287 509 1347 actione
531 1293 656 1359 tenetur,
680 1286 789 1347 directo
811 1305 900 1363 posse
921 1285 1034 1346 condici
1049 1286 1152 1363 placet,
1176 1284 1245 1361 quia
1259 1283 1348 1344 huius

259 1391 376 1449 quoque
399 1372 484 1432 iussu
507 1378 690 1433 contractum
713 1372 901 1450 intellegitur.

761 1577 846 1637 Vlll¹

543 1684 591 1739 DE
609 1685 820 1741 NOXALIBUS
838 1684 1071 1742 AOTIONIBUS.

325 1797 401 1859 ²*Ex
424 1799 575 1860 maleficiis
598 1818 759 1873 servorum,
782 1801 871 1862 veluti
886 1801 911 1861 si
926 1801 1036 1861 furtum
1052 1795 1186 1860 fecerint*
1202 1805 1252 1858 aut
1268 1798 1349 1858 bona

259 1885 410 1962 rapuerint
434 1892 485 1944 aut
506 1885 650 1945 damnum
667 1886 806 1947 dederint
830 1884 895 1946 *aut
909 1887 1048 1947 iniuriam
1062 1884 1273 1957 commiserint,
1297 1902 1349 1943 no-

260 1968 357 2031 *xales
381 1971 510 2031 actiones
526 1971 657 2048 proditae
672 1980 750 2046 sunt,
774 1968 897 2048 ‘quibus
918 1972 1038 2033 domino
1054 1971 1194 2031 damnato
1210 1969 1350 2048 permitti·

261 2052 337 2116 *tur'
352 2064 402 2116 aut
414 2057 472 2117 litis
484 2057 718 2118 aestimationem
731 2059 854 2119 sufferre
866 2066 916 2119 aut
927 2054 1097 2118 hominem⁸
1109 2075 1205 2117 noxae
1216 2050 1347 2116 dedere*

258 2143 343 2203 Noxa
366 2150 465 2203 autem
489 2151 533 2204 est
554 2160 662 2220 corpus
677 2144 756 2221 quod
772 2144 881 2219 nocuit,
905 2145 934 2205 id
949 2151 995 2205 est
1009 2162 1123 2205 servus:
1146 2142 1236 2203 noxia
1249 2140 1348 2218 ipsum
1367 2148 1383 2201 1

257 2228 446 2303 maleficium,
464 2229 551 2290 veluti
566 2229 679 2290 furtum
693 2231 839 2291 damnum
854 2232 956 2309 rapina
971 2230 1086 2291 iniuria.
1111 2229 1237 2290 Summa
1248 2234 1347 2288 autem
1366 2234 1384 2287 2

256 2315 370 2376 ratione
392 2316 572 2393 permissum
595 2324 640 2377 est
662 2336 758 2378 noxae
782 2317 928 2379 deditione
946 2317 1084 2395 defungi:
1110 2311 1271 2392 4*namque
1285 2321 1348 2374 erat

261 2398 409 2477 *iniquum
433 2402 595 2478 nequitiam
619 2421 721 2463 eorum
743 2404 821 2463 ultra
837 2404 970 2481 ipsorum
985 2422 1109 2481 corpora
1123 2401 1251 2461 dominis
1267 2400 1348 2459 dam·

260 2483 381 2547 *nosam
405 2485 494 2548 esse*
529 2488 675 2549 Dominus
697 2489 796 2549 noxali
814 2490 920 2550 iudicio
935 2489 1012 2549 servi
1027 2488 1072 2548 sui
1087 2487 1208 2547 nomine
1223 2505 1347 2546 conven·
1364 2491 1382 2545 3

258 2580 306 2633 tus
332 2592 451 2634 servum
475 2574 565 2635 actori
588 2593 683 2635 noxae
706 2574 839 2634 dedendo
861 2575 1010 2635 liberatur.
1048 2591 1103 2634 nec
1126 2572 1225 2632 minus
1247 2588 1348 2647 perpe·

258 2667 344 2719 tuum
369 2660 432 2720 eius
456 2660 620 2720 dominium
643 2679 660 2719 a
683 2660 803 2719 domino
826 2660 1014 2720 transfertur:
1038 2659 1063 2719 si
1085 2665 1184 2718 autem
1202 2658 1347 2717 damnum

258 2746 284 2805 ei
309 2746 354 2805 cui
378 2745 492 2805 deditus
515 2751 560 2805 est
582 2745 745 2805 resarcierit
766 2746 899 2822 quaesita
920 2746 1053 2822 pecunia,
1077 2744 1185 2805 auxilio
1206 2742 1347 2821 praetoris

258 2829 349 2890 invito
374 2830 494 2891 domino
517 2831 749 2893 manumittetur.
790 2828 902 2891 ⁵*Sunt
920 2839 1019 2893 autem
1034 2830 1210 2892 constitutae
1225 2828 1347 2890 noxales
1364 2832 1382 2886 4

261 2912 409 2976 *actiones
432 2923 482 2976 aut
503 2917 619 2993 legibus
642 2924 692 2978 aut
714 2918 808 2979 edicto
836 2918 993 2996 praetoris:
1021 2917 1138 2995 legibus
1164 2916 1254 2977 veluti
1278 2914 1347 2974 furti

260 2998 341 3079 *lege
363 3002 517 3063 duodecim
540 3003 718 3077 tabularum,
743 3004 844 3063 damni
866 3004 989 3065 iniuriae
1011 3006 1077 3082 lege
1099 3002 1229 3079 Aquilia:
1253 3000 1347 3061 edicto

261 3086 418 3165 *praetoris
441 3089 530 3149 veluti
551 3088 725 3149 iniuriarum
748 3098 776 3151 et
798 3090 826 3149 vi
849 3091 996 3151 bonorum
1019 3095 1182 3166 raptorum.
1223 3085 1381 3147 ⁵Omnis5

261 3171 376 3234 *autern
400 3175 516 3235 noxalis
532 3175 606 3235 actio
622 3183 709 3253 caput
725 3176 865 3253 sequitur.
898 3196 969 3236 nam
985 3177 1010 3236 si
1025 3194 1127 3237 servus
1142 3183 1210 3235 tuus
1225 3172 1346 3233 noxiam

260 3257 464 3334 *commiserit
489 3262 631 3338 quamdiu
652 3262 683 3322 in
706 3270 758 3323 tua
778 3269 924 3340 potestate
946 3263 992 3337 sit,
1015 3270 1112 3324 tecum
1136 3268 1180 3323 est
1203 3259 1293 3320 actio:
1321 3256 1346 3317 si

259 3343 303 3407 *in
328 3347 447 3408 alterius
470 3354 644 3424 potestatem
669 3350 844 3426 pervenerit,
876 3368 944 3411 cum
973 3349 1022 3409 illo
1050 3348 1152 3427 incipit
1173 3345 1248 3406 actio
1270 3362 1344 3417 esse,

259 3430 324 3493 *aut
346 3433 371 3493 si
394 3434 596 3494 manumissus
619 3434 719 3509 suerit,
749 3435 858 3495 directo
880 3436 943 3513 ipse
964 3442 1080 3496 tenetur
1108 3440 1137 3495 et
1164 3430 1346 3509 extinguitur

258 3517 368 3580 *noxae
391 3520 506 3583 deditio.
553 3540 589 3583 ex
612 3520 725 3581 diverso
753 3541 870 3599 quoque
897 3522 1008 3582 directa
1034 3521 1109 3582 actio
1136 3519 1251 3579 noxalis
1280 3535 1345 3577 esse

259 3601 387 3681 incipit:
420 3627 491 3666 nam
519 3607 543 3667 si
570 3607 644 3668 liber
670 3608 761 3668 homo
788 3607 907 3668 noxiam
935 3607 1116 3668 commiserit
1142 3614 1171 3667 et
1193 3606 1218 3665 is
1241 3622 1344 3666 servus

259 3688 341 3749 *tuus
364 3710 430 3752 csse
452 3693 579 3771 coeperit
602 3694 693 3771 (quod
716 3693 834 3753 casibus
857 3694 1032 3770 quibusdam
1056 3692 1130 3755 effici
1152 3692 1247 3769 primo
1269 3690 1345 3750 libro

258 3774 489 3853 *tradidimustt
513 3779 614 3856 incipit
629 3786 726 3840 tecum
742 3799 808 3840 esse
823 3781 938 3841 noxalis
953 3780 1037 3855 actio,
1062 3799 1138 3857 quae
1154 3786 1222 3838 ante
1236 3776 1345 3835 directa

258 3860 385 3923 *fuisset
434 3860 483 3923 ⁵Si
511 3885 611 3926 servus
639 3865 760 3926 domino
788 3866 908 3926 noxiam
937 3866 1129 3938 commiserit,
1159 3864 1234 3925 actio
1262 3860 1380 3921 nullae

327 3997 399 4061 ¹02⁶.
413 4000 472 4051 Gai.
486 3999 511 4063 4,
521 4000 629 4055 75..79
647 4002 707 4069 Dap.
721 4001 773 4068 9‚4
792 4003 853 4055 Ood.
867 4000 891 4067 3,
900 4001 933 4055 41
1000 4004 1089 4055 ²eat
1100 4002 1126 4062 4,
1137 4000 1170 4053 75
1236 4000 1345 4051 'homi-

256 4065 325 4135 nem]
345 4066 404 4132 Pe,
422 4071 494 4121 hunc
511 4071 640 4121 hominem
658 4072 745 4135 ABE,
770 4089 818 4125 cm.
835 4073 894 4124 dai.
970 4073 1060 4124 ‘dat
1072 4073 1098 4136 4,
1107 4070 1141 4123 75
1218 4069 1307 4121 ‘Gna
1318 4070 1345 4134 4,

255 4134 365 4190 76..78
437 4136 679 4205 ο1,3,4.1,16,1
