3309 4917
256 470 294 515 ou
309 470 378 515 sou.
395 469 475 515 ross.
769 452 829 513 105

693 540 901 549 ———

815 657 828 696 1

514 758 561 812 DE
579 658 1087 815 Bououuuliossussloruuus

321 866 370 927 lus
392 866 540 927 bonorum
562 866 757 944 possessionis
778 865 979 927 introductum
1001 875 1045 928 est
1061 885 1079 926 a
1094 869 1227 944 praetore
1242 882 1342 925 emen·

256 952 347 1014 dandi
368 951 474 1013 veteris
496 952 567 1013 iuris
589 952 695 1031 gratia.
731 971 787 1013 nec
809 953 907 1013 solum
934 953 965 1013 in
992 953 1199 1013 intestatorum
1229 949 1342 1011 heredi·

257 1039 366 1100 tatibus
389 1044 472 1099 vetus
495 1039 541 1099 ius
564 1058 599 1099 eo
622 1039 712 1099 modo
734 1046 851 1116 praetor
873 1038 1052 1112 emendavit,
1076 1037 1152 1099 sicut
1173 1055 1263 1114 supra
1285 1035 1341 1096 dic·

257 1131 322 1187 tum
344 1131 396 1199 est,
420 1124 473 1185 sed
488 1124 519 1185 in
535 1143 638 1185 eorum
653 1143 779 1201 quoque,
803 1124 855 1201 qui
869 1131 1046 1185 testamento
1061 1124 1138 1184 iacto
1153 1121 1341 1183 decesserint.

259 1230 330 1271 nam
354 1210 378 1271 si
400 1211 514 1271 alienus
537 1218 692 1289 postumus
715 1211 801 1271 heres
824 1210 910 1272 fuerit
928 1210 1087 1282 institutus,
1111 1209 1247 1286 quamvis
1260 1209 1343 1269 here

260 1297 381 1358 ditatem
403 1296 466 1357 iure
487 1296 563 1359 civili
584 1297 664 1357 adire
687 1316 748 1358 non
771 1303 900 1375 poterat,
928 1315 997 1357 cum
1019 1296 1161 1356 institutio
1184 1312 1247 1354 non
1268 1295 1343 1355 vale·

258 1384 318 1457 hat,
341 1382 500 1445 honorario
522 1390 622 1445 tamen
637 1383 700 1444 iure
715 1383 862 1443 bonorum
878 1400 1031 1462 possessor
1042 1380 1230 1451 efficiebatur,
1254 1374 1344 1439 ‘vide

258 1464 340 1530 ‘licet
361 1488 429 1532 cum
454 1489 471 1530 a
493 1477 627 1548 praetore
649 1468 855 1531 adiurabatur:
882 1469 986 1529 sedet
1012 1467 1060 1528 hic
1086 1465 1124 1527 a²
1146 1474 1250 1527 nostra
1276 1484 1344 1526 con-

260 1550 448 1617 ‘stitutione³
469 1555 557 1617 hodie
579 1564 656 1616 recte
671 1556 757 1617 heres
780 1554 950 1627 instituitur,
973 1553 1058 1631 quasi
1073 1560 1102 1614 et
1116 1552 1181 1614 iure'
1192 1551 1267 1613 civili
1283 1571 1343 1612 non

255 1636 469 1720 “incognitus>
509 1638 710 1719 ⁴*Aliquando
733 1650 834 1703 tamen
856 1660 953 1718 neque
973 1638 1150 1701 emendandi
1172 1657 1270 1716 neque
1290 1637 1344 1697 im·
1363 1646 1376 1701 1

261 1724 429 1806 *pugnandi
452 1728 555 1789 veteris
577 1728 658 1801 iuris,
682 1728 733 1789 sed
757 1728 854 1805 magis
873 1725 1068 1789 confirmandi
1084 1724 1177 1803 gratia
1192 1724 1345 1802 pollicetur
1365 1768 1368 1775 .

261 1810 423 1875 *bonorum
453 1813 682 1892 possessionem.
727 1833 799 1874 nam
827 1814 884 1873 iilis
912 1832 1043 1891 quoque,
1078 1811 1128 1889 qui
1158 1819 1237 1872 recte
1267 1810 1344 1871 iacto

260 1896 453 1961 'testamento
475 1898 598 1959 heredes
620 1899 744 1960 instituti
766 1906 847 1972 sunt,
870 1900 920 1959 dat
935 1899 1100 1959 secundum
1115 1896 1231 1957 tabulas
1253 1897 1344 1957 bono-

262 1982 345 2046 *rum
367 1984 599 2064 possessionem:
623 1984 692 2045 item
716 1986 753 2045 ab
775 1983 914 2045 intestato
933 2003 1003 2045 suos
1018 1984 1140 2045 heredes
1155 1990 1184 2043 et
1199 1984 1344 2061 adgnatos

261 2068 313 2131 *ad
335 2072 482 2131 bonorum
497 2061 714 2149 possessionem
730 2077 826 2131 vocet:
850 2065 917 2131 <sed
932 2066 975 2131 et>
991 2077 1106 2131 remota
1120 2088 1237 2146 quoque
1252 2069 1344 2129 bono·
1430 2070 1433 2074 ’

261 2154 343 2218 *rum
365 2156 551 2236 possessione
573 2158 609 2217 ad
632 2176 683 2218 eos
705 2157 852 2218 hereditas
878 2156 1003 2235 pertinet
1028 2156 1092 2219 iure
1119 2155 1203 2217 cirili.
1243 2153 1344 2228 ⁵Quos
1363 2164 1379 2217 2

261 2240 376 2305 *autem
398 2251 515 2322 praetor
537 2237 649 2305 <solus>
673 2248 756 2305 vocat
778 2244 815 2303 ad
838 2243 1042 2317 hereditatem,
1072 2242 1196 2303 heredes
1224 2240 1344 2318 quidem

262 2326 340 2409 *ipso
362 2331 426 2391 iure
447 2349 507 2391 non
530 2330 605 2390 fiunt
627 2334 709 2407 (narn
734 2338 851 2408 praetor
873 2330 1010 2391 heredem
1035 2329 1131 2390 iacere
1153 2348 1214 2389 non
1233 2335 1343 2405 potest:

263 2411 330 2494 *per
350 2418 447 2495 legem
470 2416 549 2477 enim
572 2422 688 2477 tanturn
712 2417 756 2477 vel
779 2416 905 2477 similem
921 2416 992 2476 iuris
1007 2414 1247 2476 constitutionem
1262 2415 1343 2475 here·

262 2498 328 2563 *des
351 2503 433 2576 fiunt,
457 2502 544 2564 veluti
566 2522 618 2580 per
640 2509 760 2563 senatus
783 2503 953 2563 consultum
975 2509 1004 2562 et
1025 2500 1248 2561 constitutiones
1267 2500 1344 2578 prin·

263 2586 412 2667 *ripales):
435 2589 487 2649 sed
507 2608 575 2649 cum
597 2588 639 2649 eis
659 2596 774 2667 praetor
796 2589 847 2648 dat
866 2588 1012 2649 bonorum
1028 2586 1257 2664 possessionem,
1280 2586 1344 2646 loco

262 2670 420 2737 ‘heredum
436 2675 654 2737 constituuntur
668 2683 697 2735 et
712 2680 855 2735 vocantur
869 2674 1016 2734 honorum
1029 2690 1225 2750 possessores.
1248 2672 1345 2733 adhuc

263 2757 376 2823 *autem
400 2767 428 2820 et
454 2760 526 2821 alios
555 2762 721 2838 complures
750 2761 861 2839 gradus
891 2767 1008 2837 praetor
1035 2757 1103 2819 iecit
1133 2758 1163 2817 in
1196 2758 1343 2819 bonorum

262 2843 512 2925 *possessionibus
535 2846 648 2919 dandis,
673 2848 743 2908 dum
766 2846 795 2906 id
817 2846 935 2923 agebat,
959 2864 997 2905 ne
1014 2844 1080 2922 quis
1096 2843 1161 2904 sine
1175 2862 1346 2905 successore

262 2928 446 2993 ‘moriaturfl
477 2928 563 2992 <narn
586 2931 806 3010 angustissimis
828 2931 938 2992 finibus
959 2931 1152 2992 constitutum
1174 2949 1227 3008 per
1248 2931 1346 3006 legem

262 3014 431 3085 ‘duodecim
459 3018 628 3078 tabularum
656 3018 701 3078 ius
724 3018 977 3096 percipiendarum
1005 3016 1200 3077 hereditatum
1229 3023 1346 3094 praetor

259 3100 313 3166 ‘ex
327 3105 407 3164 bono
423 3111 451 3165 et
466 3122 560 3180 aequo
576 3100 729 3164 dilatavit.>
759 3103 836 3164 Sunt
850 3111 950 3165 autem
972 3104 1119 3163 bonorum
1142 3102 1346 3180 possessiones
1364 3110 1381 3163 3

260 3209 299 3253 ex
320 3196 495 3251 testamento
518 3189 636 3267 quidem
653 3190 719 3251 hae.
749 3190 854 3268 prima,
878 3209 954 3267 quae
969 3189 1130 3268 praeteritis
1144 3188 1244 3249 liberis
1260 3189 1345 3248 datur

260 3283 440 3353 vocaturque
455 3284 557 3337 contra
571 3277 696 3337 tabulas.
726 3276 866 3347 secunda,
889 3295 980 3353 quam
996 3276 1135 3336 omnibus
1151 3275 1214 3335 iure
1231 3274 1347 3351 scriptis

259 3363 418 3425 heredibus
440 3370 557 3440 praetor
578 3362 729 3440 pollicetur
750 3362 874 3439 ideoque
897 3370 1017 3423 vocatur
1038 3362 1202 3423 secuudum
1218 3361 1345 3421 tabulas.

261 3457 289 3511 et
311 3468 380 3510 curn
402 3450 439 3510 de
460 3447 643 3509 testamentis
663 3449 743 3526 prius
758 3449 874 3509 locutus
889 3456 943 3521 est,
967 3448 1005 3507 ad
1019 3448 1173 3509 intestatos
1189 3446 1344 3508 transitum

261 3535 336 3597 iecit.
371 3543 399 3596 et
421 3534 516 3612 primo
539 3536 603 3596 loco
626 3535 687 3595 suis
710 3534 867 3596 heredibus
889 3533 994 3607 ethis,
1019 3535 1069 3611 qui
1091 3553 1128 3595 ex
1150 3533 1243 3594 edicto
1266 3553 1346 3612 prae

260 3622 334 3682 toris
348 3621 409 3682 suis
424 3628 685 3695 connumerantur,
708 3621 759 3681 dat
774 3622 921 3682 bonorum
937 3621 1156 3698 possessionem
1171 3639 1247 3698 quae
1265 3639 1347 3680 voca-

261 3714 310 3768 tur
330 3707 410 3768 unde
431 3707 529 3767 liberi:
552 3706 681 3769 secundo
704 3707 843 3785 legitimis
865 3706 1037 3768 heredibus:
1060 3706 1144 3768 tertio
1167 3707 1268 3783 decern
1284 3726 1347 3784 per·

261 3793 352 3867 sonis,
369 3812 442 3872 quas
457 3802 597 3855 extraneo
613 3793 824 3854 manumissori
839 3793 1021 3871 praeferebat
1035 3796 1118 3864 (sunt
1132 3800 1231 3853 autem
1244 3793 1347 3852 decem

261 3899 407 3958 personae
421 3879 491 3941 hae:
515 3887 598 3958 pater
612 3887 715 3953 mater,
733 3898 805 3940 avus
821 3878 886 3940 avia
899 3886 962 3939 tam
976 3879 1090 3956 paterni
1104 3897 1194 3955 quam
1210 3877 1346 3947 materni,

261 3966 334 4026 item
357 3966 433 4027 filius
455 3965 523 4039 filia,
547 3984 640 4043 nepos
663 3966 759 4044 neptis
780 3973 844 4026 tam
865 3984 902 4025 ex
924 3963 983 4025 tilio
1005 3984 1095 4042 quam
1112 3983 1151 4026 ex
1165 3964 1233 4037 tilia,
1257 3963 1349 4022 frater

334 4097 1058 4169 mederasmaenautiusoasam
1111 4101 1209 4153 ’ma
1263 4097 1351 4151 ⁸coa.

263 4169 367 4237 o‚4a‚1
439 4168 694 4236 *caramerus
766 4166 988 4234 terraenae
