3309 4917
308 464 372 531 11,1
830 469 870 531 36
1237 487 1276 532 na
1291 487 1395 534 annuit

308 640 444 701 hostibus
467 639 609 718 capimur,
632 637 695 698 iure
718 638 853 715 gentium
876 639 976 708 statim
998 648 1100 701 nostra
1122 641 1210 700 liunt:
1239 641 1312 700 adeo
1335 642 1395 717 qui·

308 727 392 799 dem,
424 733 457 786 ut
478 733 507 786 et
528 723 612 785 liberi
634 722 770 784 homines
800 723 832 784 in
855 725 1024 787 servitutem
1047 734 1181 787 nostram
1203 726 1394 800 deducantur,

307 808 359 886 qui
380 818 498 892 umen,
521 811 547 871 si
568 808 714 871 evaserint
734 817 868 870 nostram
891 817 1065 888 potestatem
1088 820 1116 873 et
1137 814 1175 872 ad
1197 831 1267 874 suos
1289 813 1396 873 reversi

258 902 292 957 18
311 897 432 972 luerint,
464 897 620 975 pristinum
648 901 759 955 statum
780 897 933 974 recipiunt.
982 897 1073 959 ²Item
1095 898 1196 976 lapilli,
1209 917 1344 976 gemmae
1366 906 1394 959 et

309 988 422 1058 cetera,
444 1002 521 1060 quae
542 982 574 1043 in
594 981 680 1041 litore
701 981 899 1057 inveniuntur,
927 983 990 1044 iure
1012 983 1138 1045 naturali
1161 984 1259 1045 statim
1281 979 1395 1045 <inven-

259 1074 291 1128 19
309 1064 395 1130 toris'
416 1069 501 1130 fiunt.
548 1068 640 1128 1Item
662 1086 712 1141 ea,
743 1085 819 1144 quae
845 1089 881 1130 ex
904 1070 1080 1130 animalibus
1102 1069 1232 1131 dominio
1254 1076 1305 1130 tuo
1328 1071 1395 1131 sub·

309 1153 391 1215 iactis
412 1162 484 1215 nata
505 1161 583 1227 sunt,
607 1153 710 1214 eodem
732 1153 796 1214 iure
818 1155 871 1215 tihi
892 1155 1095 1232 adquiruntur.

257 1245 292 1300 20
376 1239 548 1302 ²Praeterea
578 1240 658 1317 quod
686 1259 738 1317 per
764 1241 942 1302 alluvionem
969 1261 1042 1320 agro
1070 1251 1120 1302 tuo
1147 1242 1257 1302 flumen
1281 1242 1393 1316 adiecit,

308 1329 371 1390 iure
391 1326 527 1405 gentium
554 1325 606 1387 tibi
633 1325 803 1402 adquiritur.
845 1335 889 1388 est
915 1335 1015 1389 autern
1044 1328 1151 1390 alluvio
1179 1328 1395 1389 incrementum

308 1411 436 1476 latens³.
471 1431 524 1490 per
546 1412 723 1473 alluvionem
745 1420 845 1473 autem
867 1413 896 1473 id
919 1414 1031 1475 videtur
1052 1414 1139 1488 adici,
1163 1415 1241 1491 quod
1264 1413 1304 1474 ita
1325 1433 1394 1491 pau·

310 1501 394 1562 latim
409 1498 540 1572 adicitur,
564 1505 598 1558 ut
618 1497 788 1575 intellegere
810 1517 872 1558 non
895 1499 999 1576 possis,
1023 1507 1169 1576 quantum
1191 1518 1310 1578 quoquo
1333 1519 1394 1561 mo·

256 1601 290 1657 21
309 1593 412 1648 mento
433 1583 574 1661 temporis
597 1581 746 1644 adiciatur.
786 1580 919 1656 ²Quodsi
933 1585 975 1646 vis
990 1586 1120 1647 fluminis
1135 1593 1249 1664 partem
1264 1586 1394 1663 aliquam

308 1692 346 1734 ex
359 1679 412 1733 tuo
427 1668 545 1748 praedio
560 1668 716 1729 detraxerit
737 1676 767 1730 et
787 1665 904 1730 <vicini>
924 1671 1043 1748 praedio
1058 1672 1211 1750 appulerit,
1235 1674 1333 1750 palam
1349 1679 1395 1733 est

308 1777 376 1819 eam
390 1763 473 1817 tuam
488 1774 670 1833 permanere.
700 1756 788 1832 plane
810 1755 835 1815 si
848 1756 1002 1834 longiore⁴
1023 1765 1156 1836 ternpore
1171 1759 1262 1819 fundo
1277 1753 1392 1819 <vicini>

308 1841 436 1904 haeserit
450 1843 637 1917 arboresque,
658 1860 732 1917 quas
747 1860 849 1902 secum
864 1843 994 1918 traxerit,
1010 1842 1041 1904 in
1056 1863 1125 1905 eum
1140 1844 1266 1905 fundum
1282 1844 1393 1904 radices

309 1929 432 2007 egerint,
456 1948 492 1989 ex
515 1947 549 1988 eo
571 1934 703 2004 tempore
718 1926 853 1988 videntur
873 1924 989 1990 <vicini>
1013 1931 1105 1992 fundo
1121 1928 1304 2008 adquisitae⁵
1319 1949 1392 1991 esse.

257 2029 291 2085 22
311 2014 433 2076 ²1nsula
457 2032 533 2090 quae
562 2012 592 2072 iu
615 2012 691 2072 mari
712 2020 783 2073 nata
804 2021 862 2088 est,
890 2015 969 2092 quod
990 2035 1058 2077 raro
1079 2016 1195 2090 accidit,
1226 2016 1394 2094 occupantis

307 2102 353 2162 tit:
384 2100 493 2161 nullius
521 2099 600 2160 enim
622 2117 688 2159 esse
709 2099 846 2160 creditur.
881 2108 911 2161 at
932 2101 964 2160 in
985 2101 1107 2162 [lumine
1129 2109 1212 2174 nata,
1240 2103 1320 2178 quod
1341 2102 1395 2161 lra-

308 2193 433 2265 quanter
447 2185 560 2260 accidit,
584 2184 608 2244 si
630 2183 751 2260 quidem
766 2185 894 2244 mediam
911 2193 1024 2262 partem
1039 2185 1170 2246 [luminis
1184 2193 1293 2260 teneat,
1316 2205 1395 2246 com·

308 2272 408 2334 munis
431 2279 476 2332 est
498 2290 613 2344 eorum,
643 2270 692 2346 qui
718 2270 755 2330 ab
783 2278 908 2347 utraque
930 2278 1012 2348 parte
1033 2271 1163 2332 fluminis
1186 2291 1277 2350 prope
1298 2272 1394 2350 ripam

308 2358 428 2437 praedia
449 2356 612 2436 possident,
642 2376 696 2434 pro
723 2355 812 2416 modo
839 2356 999 2418 latitudinis
1025 2358 1166 2435 cuiusque
1192 2357 1288 2430 fundi,
1318 2377 1394 2435 quae

307 2444 430 2506 latitudo
446 2462 537 2522 prope
552 2442 646 2521 ripam
663 2441 709 2504 sit.
744 2441 850 2518 quodsi
865 2442 947 2503 alteri
962 2444 1037 2521 parti
1052 2444 1213 2522 proximior
1228 2444 1274 2518 sit,
1291 2463 1395 2505 eorum

306 2537 353 2592 est
374 2537 506 2602 tantum,
538 2529 589 2606 qui
618 2529 655 2588 ab
684 2547 719 2588 ea
746 2535 828 2606 parte
855 2548 946 2607 prope
972 2530 1067 2608 ripam
1094 2530 1212 2608 praedia
1233 2530 1393 2608 possident.

307 2615 413 2693 quodsi
435 2614 533 2692 aliqua
555 2621 637 2692 parte
659 2613 785 2674 divisum
801 2614 921 2689 flumen,
945 2616 1050 2677 deinde
1064 2616 1140 2676 intra
1155 2616 1271 2677 unitum
1287 2635 1394 2694 agrum

308 2701 429 2762 alicuius
451 2702 483 2760 in
502 2701 629 2761 formam
644 2699 760 2760 insulae
774 2701 928 2778 redegerit,
952 2702 1081 2764 eiusdem
1098 2709 1252 2780 permanet
1272 2702 1297 2762 is
1312 2722 1392 2779 ager,

256 2799 291 2855 23
310 2788 392 2849 cuius
414 2794 444 2848 et
465 2786 570 2848 iuerat.
616 2781 748 2857 2Qu0dsi
769 2787 896 2846 naturali
912 2789 994 2848 alveo
1016 2788 1047 2848 in
1069 2788 1240 2849 universum
1256 2787 1393 2848 derelicto

306 2873 364 2935 alia
386 2880 469 2952 parte
490 2869 601 2933 lluere⁰
623 2871 759 2948 coeperit,
783 2871 864 2949 prior
886 2873 1004 2948 quidem
1025 2875 1125 2934 alveus
1141 2893 1244 2935 eorum
1267 2879 1319 2945 est,
1344 2872 1394 2950 qui

306 2980 398 3038 prope
419 2960 514 3037 ripam
536 2959 599 3020 eius
628 2957 747 3036 praedia
768 2957 935 3035 possident,
964 2978 1017 3037 pro
1047 2960 1136 3020 modo
1165 2959 1272 3020 scilicet
1298 2959 1393 3019 latitu-

306 3046 384 3106 dinis
406 3046 548 3122 cuiusque
570 3045 642 3122 agri,
666 3063 743 3121 quae
758 3044 881 3105 latitudo
897 3064 988 3123 prope
1002 3045 1096 3124 ripam
1112 3047 1158 3119 sit,
1182 3065 1277 3106 novus
1294 3053 1394 3105 autern

306 3131 407 3191 alveus
434 3131 497 3190 eius
527 3130 598 3190 iuris
625 3149 690 3192 esse
719 3129 834 3208 incipit,
863 3131 946 3191 cuius
973 3137 1001 3191 et
1023 3131 1121 3209 ipsum
1143 3131 1269 3203 llumen,
1300 3131 1329 3190 id
1351 3136 1395 3190 est

306 3214 472 3294 publicus⁷.
512 3216 619 3292 quodsi
649 3223 715 3293 post
747 3215 865 3292 aliquod
898 3223 1015 3294 tempus
1050 3218 1087 3276 ad
1119 3216 1246 3293 priorem
1278 3217 1394 3275 alveum

307 3320 459 3364 reversum
481 3301 568 3362 fauerit
589 3301 710 3375 llumen,
734 3321 838 3362 rursus
861 3321 955 3362 novus
971 3304 1070 3362 alveus
1085 3321 1189 3362 eorum
1205 3320 1270 3362 esse
1284 3301 1393 3378 incipit,

256 3405 291 3460 24
309 3387 359 3465 qui
380 3407 472 3466 prope
493 3387 588 3464 ripam
610 3386 673 3447 eius
688 3387 806 3464 praedia
819 3387 980 3466 possident.
1027 3385 1112 3447 tutia
1134 3406 1206 3449 sane
1228 3405 1317 3448 causa
1339 3393 1393 3459 est,

309 3474 334 3534 si
362 3472 446 3534 cuius
473 3479 553 3533 totus
585 3492 657 3550 ager
685 3473 846 3534 inundatus
874 3473 968 3534 fuerit.
1010 3491 1106 3550 neque
1134 3473 1213 3534 enim
1242 3471 1394 3534 inundatio

306 3558 435 3636 speciem
464 3559 548 3619 fundi
576 3565 739 3620 commutat
768 3566 796 3620 et
827 3560 865 3620 ob
888 3559 931 3633 id,
956 3559 980 3620 si
1002 3559 1155 3621 recesserit
1175 3579 1264 3638 aqua,
1295 3561 1395 3637 palam

307 3651 352 3706 est
374 3663 443 3705 eum
466 3645 593 3706 fundum
616 3645 678 3705 eius
701 3664 832 3720 manere,
856 3646 938 3706 cuius
960 3652 989 3706 et
1010 3645 1072 3707 fuit.

253 3740 287 3795 25
317 3784 320 3786 ,
374 3728 472 3790 8Cum
495 3750 531 3792 ex
553 3731 649 3792 aliena
669 3731 794 3796 materia
815 3731 926 3810 species
948 3732 1047 3809 aliqua
1069 3733 1145 3792 lacta
1166 3731 1204 3792 sit
1225 3731 1262 3791 ab
1285 3731 1393 3808 aliquo,

377 3863 569 3926 1618.19εω
586 3864 1164 3935 ntor.t.6tmt(1)tq.1,8,3et41‚1,6)
1234 3865 1395 3927 ²520..24

305 3951 337 3987 err
355 3934 414 3987 aar.
433 3935 452 3987 l.
469 3932 486 3986 2
503 3951 556 3986 rer.
574 3945 631 3987 cett.
653 3933 726 4002 (Dp.
743 3934 847 4002 41,1,7
866 3933 969 4003 §l..6)
1047 3936 1058 3967 ⁸
1075 3937 1249 3988 est...lntena
1266 3952 1314 3987 om.
1333 3935 1393 4002 Dip.

307 4003 318 4034 ⁴
335 4004 371 4055 eie
383 4003 444 4070 Dap,
459 4000 491 4069 Θ,
508 4005 619 4070 longiori
635 4005 663 4068 T,
680 4006 759 4072 longo
769 4005 824 4056 AB
884 4006 944 4057 lric
958 4001 1014 4069 ΤΘ,
1031 4005 1175 4057 videtur...
1184 4005 1314 4068 adquisita
1324 4003 1393 4071 Dip,

304 4073 599 4138 videntur..adquiaita
611 4073 664 4124 AB
729 4074 794 4125 'ric
806 4073 831 4124 A
841 4075 901 4142 Diq.
914 4072 946 4138 Θ,
958 4074 1069 4127 defluere
1081 4073 1136 4124 BT
1196 4073 1260 4124 'rte
1272 4069 1393 4140 (publicis

302 4139 443 4272 {1511ng
478 4143 594 4280 {alicui}
612 4142 682 4280 ἰίξνί,
699 4144 798 4209 publici
816 4145 905 4212 lepiaae
921 4139 1060 4195 videtin&
1131 4139 1320 4202 ⁸§2oetmilu
1331 4143 1392 4211 Dip.

339 4250 346 4276 ,
373 4251 379 4276 ,
522 4230 557 4265 cr,
587 4249 593 4264 .
612 4229 632 4264 c.
