3309 4917
273 438 468 486 nrarnroaun
785 422 846 485 103
1277 415 1356 481 ΠΜ

275 586 412 652 ‘notione
434 592 545 653 Graeca
568 593 670 671 lingua
692 595 900 671 compendioso
922 600 1046 654 tractatu
1068 592 1169 653 habito
1191 591 1356 668 composui·

274 674 369 751 ‘mus,
392 678 432 738 ita
454 679 623 740 huiusmodi
645 699 749 740 causas
772 681 909 752 definivit,
933 687 966 740 ut
988 679 1013 739 si
1035 679 1153 756 quidem
1175 679 1297 739 libertus
1311 678 1358 740 vel

274 759 394 825 ‘liberta
416 764 546 825 minores
568 766 762 827 centenariis1
786 766 858 840 sint,
881 766 910 827 id
933 772 977 827 est
999 765 1098 825 minus
1120 773 1238 826 centum
1261 763 1357 826 auras

275 846 422 911 ‘habeant
448 852 644 927 substantiam
676 853 730 929 (sic
757 853 838 913 enirn
865 853 939 931 legis
962 852 1069 930 Papiae
1095 870 1244 911 summam
1271 851 1358 912 inter·

275 932 395 1014 ‘pretati
417 956 530 1012 sumus,
553 946 586 998 ut
608 957 660 1015 pro
683 939 763 1000 mille
778 940 918 1000 sestertiis
935 957 1013 1000 nnus
1028 956 1135 999 aureus
1148 937 1357 1015 computetur),

274 1019 406 1084 ‘nullum
435 1024 534 1085 locum
564 1025 672 1085 habeat
700 1034 843 1102 patronus
871 1026 901 1086 in
931 1044 1035 1086 eorum
1065 1024 1299 1097 successionem,
1333 1022 1359 1082 si

275 1105 390 1169 ‘tamen
413 1116 624 1171 testamentum
653 1110 781 1173 fecerint.
827 1111 873 1171 sin
900 1119 999 1172 autem
1026 1110 1155 1171 intestati
1182 1108 1359 1171 decesserint

275 1190 374 1255 ‘nullo
397 1196 555 1259 liberorum
580 1196 688 1270 relicto,
712 1204 783 1259 tunc
805 1205 977 1276 patronatus
993 1196 1047 1270 ius,
1072 1196 1151 1274 quod
1166 1203 1228 1257 erat
1242 1215 1279 1256 ex
1293 1196 1359 1272 lege

274 1277 445 1342 ‘duodecim
468 1284 652 1356 tabularum,
681 1283 826 1361 integrum
851 1282 1015 1344 reservarit.
1053 1302 1121 1343 cum
1143 1301 1211 1343 vero
1233 1280 1360 1343 maiores

275 1363 466 1429 ‘centenariis
495 1369 566 1441 sint,
597 1368 623 1428 si
649 1369 771 1431 heredes
797 1371 842 1431 vel
871 1371 1018 1431 bonorum
1047 1387 1232 1447 possessores
1253 1368 1360 1428 liberos

274 1449 422 1514 ‘habeant
444 1454 505 1515 sive
527 1473 621 1515 unum
644 1455 704 1516 sive
726 1458 825 1534 plures
847 1456 1058 1534 cuiuscumque
1076 1474 1163 1515 sexus
1178 1456 1225 1514 vel
1239 1454 1360 1531 gradus,

274 1536 329 1600 ‘ad
353 1559 403 1601 eos
426 1541 640 1603 successionem
664 1550 818 1620 parentum
843 1543 1032 1616 deduximus,
1062 1541 1201 1602 omnibus
1228 1539 1360 1617 patronis

275 1622 351 1686 ‘una
375 1645 444 1687 cum
468 1646 522 1688 sua
544 1628 686 1705 progenie
708 1629 837 1691 semotis.
876 1629 921 1689 sin
944 1636 1042 1690 autem
1065 1627 1128 1688 sine
1148 1626 1248 1687 liberis
1263 1625 1360 1687 deces-

274 1708 398 1786 ‘serint,
429 1714 453 1773 si
482 1713 600 1792 quidem
626 1714 768 1788 intestati,
797 1715 835 1775 ad
862 1733 983 1775 omnem
1005 1714 1197 1775 hereditatem
1219 1719 1361 1790 patronos

275 1793 491 1875 ‘patronasque
513 1799 696 1861 vocavimus:
720 1800 743 1860 si
767 1820 835 1862 vero
857 1807 1066 1861 testamentum
1089 1799 1207 1877 quidem
1229 1797 1359 1871 fecerint,

275 1880 433 1960 ‘patronos
455 1892 554 1945 autern
576 1886 620 1945 vel
644 1893 783 1963 patronas
806 1886 1026 1964 praeterierint,
1043 1905 1111 1947 cum
1133 1886 1231 1946 nullos
1252 1884 1360 1945 liberos

276 1966 438 2030 ‘haberent
460 1971 504 2030 vel
527 1971 670 2031 habentes
693 1991 744 2032 eos
766 1972 1016 2042 exheredaverint‚
1040 1972 1083 2031 vel
1103 1978 1198 2032 mater
1213 1971 1272 2032 sive
1287 1990 1360 2031 avus

276 2051 447 2117 ‘maternus
470 2076 520 2117 eos
542 2057 731 2136 praeterierit,
755 2058 796 2118 ita
817 2066 850 2118 ut
873 2077 933 2118 non
956 2057 1070 2135 possint
1091 2057 1176 2135 argui
1199 2056 1361 2119 inofficiosa

275 2136 395 2202 ‘eorum
419 2150 608 2204 testamenta:
636 2150 707 2205 tunc
729 2164 765 2205 ex
787 2151 889 2204 nostra
911 2144 1117 2205 constitutione
1140 2163 1191 2220 per
1212 2144 1360 2203 bonorum

273 2223 512 2305 ‘possessionem
536 2237 638 2290 eontra
661 2231 776 2291 tabulas
798 2251 861 2291 non
883 2230 1049 2304 dimidiam,
1072 2236 1207 2304 utente,
1231 2229 1282 2290 sed
1304 2236 1360 2289 ter·

274 2310 364 2375 ‘tiam
387 2323 499 2393 partem
524 2316 671 2377 bonorum
694 2317 790 2377 liberti
812 2326 1040 2395 consequantur,
1064 2317 1109 2377 vel
1127 2317 1206 2395 quod
1221 2316 1302 2377 deest
1317 2315 1360 2377 eis

275 2395 328 2460 ‘ex
351 2402 559 2463 constitutione
581 2410 683 2463 nostra
705 2404 862 2482 repleatur,
886 2404 911 2464 si
932 2404 1050 2481 quando
1065 2403 1164 2463 minus
1179 2402 1263 2464 tertia
1277 2409 1360 2480 parte

278 2481 440 2548 ‘bonorum
464 2506 587 2550 suorum
609 2489 729 2551 libertus
753 2491 796 2551 vel
818 2490 923 2550 liberta
951 2490 992 2550 eis
1018 2489 1199 2566 reliquerint,
1228 2488 1269 2548 ita
1294 2488 1359 2548 sine

276 2569 396 2647 ‘onere,
427 2581 460 2636 ut
482 2594 537 2635 nec
558 2575 658 2635 liberis
679 2576 774 2637 liberti
797 2576 953 2636 libertaeve
974 2596 1011 2636 ex
1033 2595 1069 2635 ea
1089 2583 1172 2652 parte
1194 2575 1291 2651 legata
1312 2574 1359 2633 vel

275 2656 518 2721 ‘fideicommissa
546 2668 744 2737 praestentur,
775 2662 825 2721 sed
857 2661 893 2720 ad
922 2662 1079 2723 coheredes
1105 2661 1163 2721 hoc
1192 2679 1268 2720 onus
1294 2659 1358 2720 red-

274 2742 427 2807 ‘undaretz
451 2746 552 2807 multis
574 2746 637 2807 aliis
660 2748 777 2807 casibus
799 2766 817 2807 a
839 2747 926 2807 nobis
947 2748 978 2807 in
1001 2748 1132 2824 praelata
1151 2744 1358 2807 constitutione

276 2827 486 2910 ‘congregatis
510 2850 585 2908 quos
612 2832 792 2893 necessarios
815 2852 882 2893 esse
903 2834 940 2893 ad
960 2833 1129 2893 huiusmodi
1150 2832 1220 2893 iuris
1236 2831 1358 2909 disposi-

276 2912 402 2977 ‘tionem
426 2918 643 2995 perspeximus:
667 2925 780 2978 uttam
804 2918 920 2995 patroni
941 2926 1140 2997 patronaeque
1163 2936 1252 2995 quam
1275 2917 1357 2979 liberi

277 2998 395 3063 ‘eorum
424 3022 479 3064 nec
508 3023 569 3063 non
599 3004 649 3081 qui
679 3024 715 3064 ex
744 3012 913 3065 transverso
940 3006 1029 3065 latere
1050 3004 1172 3065 veniunt
1197 3023 1292 3082 usque
1319 3003 1357 3063 ad

277 3084 427 3165 ‘quintum
451 3090 576 3166 gradum
600 3090 636 3150 ad
659 3089 877 3150 successionem
904 3091 1075 3152 libertorum
1101 3097 1254 3163 vocentur,
1282 3089 1357 3150 sicut

275 3170 327 3235 ‘ex
349 3193 385 3235 ea
407 3174 614 3236 constitutione
636 3175 867 3253 intellegendum
890 3184 947 3238 est:
976 3182 1009 3237 ut
1031 3176 1055 3237 si
1082 3176 1212 3237 eiusdem
1239 3175 1355 3253 patroni

274 3257 335 3321 ‘vel
358 3268 499 3338 patronae
521 3263 565 3322 vel
588 3262 714 3322 duorum
742 3263 868 3323 duarum
896 3264 1061 3342 pluriumve
1090 3263 1149 3324 sint
1176 3262 1273 3335 liberi,
1304 3261 1357 3339 qui

274 3343 451 3425 ‘proximior
472 3353 528 3421 est,
558 3348 595 3407 ad
616 3348 710 3409 liberti
732 3368 783 3409 seu
806 3349 927 3411 libertae
949 3356 1067 3411 vocetur
1088 3347 1305 3410 successionem
1328 3354 1357 3409 et

274 3429 320 3494 ‘in
344 3433 451 3511 capita,
476 3452 536 3494 non
559 3434 590 3493 in
613 3434 717 3512 stirpes
740 3434 884 3496 dividatur
906 3437 1065 3509 successio,
1090 3436 1193 3497 eodem
1216 3436 1357 3498 modoet

274 3515 319 3579 ‘in
342 3519 389 3580 his
411 3520 462 3597 qni
484 3539 521 3581 ex
542 3527 708 3581 transverso
731 3522 820 3581 latere
843 3522 964 3584 veniunt
981 3523 1133 3584 servando.
1166 3540 1261 3600 paene
1275 3521 1355 3583 enim

273 3602 483 3667 ‘consonantia
504 3607 568 3667 iura
590 3606 779 3685 ingenuitatis
802 3614 829 3667 et
852 3608 1046 3670 libertinitatis
1068 3609 1098 3669 in
1121 3608 1355 3670 successionibus

272 3687 419 3753 ‘lecimus
456 3692 514 3753 Sed
536 3693 609 3754 haec
631 3694 667 3753 de
689 3692 735 3753 his
756 3693 900 3755 libertinis
920 3694 1007 3756 hodie
1022 3695 1143 3755 dicenda
1158 3702 1236 3767 sunt,
1260 3694 1355 3773 quiin
1372 3699 1391 3754 4

274 3772 433 3839 ‘civitatem
461 3778 629 3839 Romanam
660 3788 870 3857 pervenerunt,
904 3799 972 3841 cum
1003 3800 1059 3841 nec
1088 3788 1158 3842 sunt
1187 3781 1234 3841 alii
1261 3779 1355 3841 liberti

273 3858 376 3925 ‘simul
399 3872 427 3925 et
450 3865 588 3926 dediticiis
611 3873 640 3926 et
654 3866 765 3926 Latinis
780 3866 912 3941 sublatis,
936 3885 1004 3927 cum
1019 3867 1191 3928 Latinorum
1206 3866 1356 3944 legitimae

273 3945 489 4012 ‘successiones
512 3952 611 4012 nullae
634 3952 750 4030 penitus
777 3960 874 4026 erant,
905 3950 975 4030 qui²
1001 3953 1068 4014 licet
1095 3960 1129 4013 ut
1156 3952 1238 4013 liberi
1263 3950 1354 4010 vitam

273 4032 373 4098 ‘suam
396 4038 588 4116 peragebant,
621 4044 752 4099 attamen
774 4039 839 4117 ipso
862 4037 963 4100 ultimo
986 4039 1088 4118 spiritu
1111 4038 1198 4099 simul
1222 4036 1353 4099 animam

343 4172 353 4204 ²
372 4174 513 4227 centenarii
530 4174 586 4225 BT
651 4174 662 4207 ²
680 4172 735 4243 qni]
759 4175 786 4241 T,
804 4178 866 4242 quia
882 4176 908 4228 B
