3309 4917
279 486 319 536 ue
334 489 415 535 succ.
432 488 518 534 ooou.
800 471 842 534 99
1003 512 1005 516 -
1253 468 1301 536 ΙΙΙ,
1313 468 1364 523 5.6

280 652 399 707 tantum
420 643 509 722 igitur
531 642 649 721 cognati
671 648 741 703 sunt
763 642 827 716 sibi,
851 643 926 703 sicut
948 650 976 705 et
996 643 1098 704 matris
1113 644 1248 721 cognatis
1259 643 1280 706 ².
1313 645 1364 705 ita-

282 746 340 810 que
362 730 500 792 omnibus
521 728 584 789 istis
607 748 642 790 ea
663 735 746 807 parte
774 730 913 806 competit
941 731 1088 791 bonomm
1116 729 1276 808 possessio,
1307 749 1365 807 qua

281 816 478 897 proximitatis
498 815 619 876 nomine
641 814 759 893 cognati
781 822 933 880 vocantur.
967 816 1032 877 Hoc
1052 816 1117 877 loco
1138 824 1166 877 et
1180 816 1251 877 illud
1266 836 1365 878 neces·
1383 823 1399 876 5
1418 822 1457 892 (4)

280 906 359 967 sario
381 901 560 964 admonendi
575 920 679 961 sumus
694 901 882 979 adgnationis
897 902 1015 979 quidem
1029 902 1093 964 iure
1107 902 1221 963 admitti
1236 903 1364 980 aliquem

281 993 319 1053 ad
341 990 533 1051 hereditatem
556 995 584 1048 et
606 986 631 1048 si
653 987 766 1048 decimo
788 987 884 1066 gradu
905 988 956 1061 sit,
984 988 1045 1050 sive
1067 988 1103 1049 de
1125 988 1189 1065 lege
1211 989 1365 1050 duodecim

281 1079 449 1139 tabularum
467 1092 655 1152 quaeramus,
678 1073 738 1134 sive
753 1073 789 1134 de
805 1074 907 1147 edicto,
924 1092 983 1150 quo
997 1082 1115 1153 praetor
1128 1075 1268 1153 legitimis
1283 1076 1365 1137 here

281 1165 368 1225 dibus
390 1163 528 1222 daturum
543 1180 576 1222 se
590 1161 738 1221 bonorum
753 1160 972 1237 possessionem
987 1160 1147 1239 pollicetur.
1170 1162 1365 1239 proximitatis

281 1270 351 1312 vero
373 1248 494 1309 nomine
515 1246 562 1307 his
585 1246 655 1306 solis
677 1252 794 1323 praetor
815 1245 958 1323 promittit
972 1248 1120 1308 bonorum
1137 1248 1363 1325 possessionem,

282 1337 331 1414 qui
354 1354 448 1411 usque
470 1333 507 1393 ad
530 1340 646 1393 sextum
669 1333 796 1410 gradum
819 1332 1004 1409 cognationis
1027 1340 1105 1408 sunt,
1131 1339 1159 1394 et
1181 1350 1217 1394 ex
1239 1334 1364 1411 septimo

281 1444 299 1483 a
321 1422 441 1484 sobrino
464 1419 641 1497 sobrinaque
664 1425 733 1479 nato
755 1425 879 1479 nataeve
888 1415 911 1479 ².

794 1622 854 1683 vu

461 1776 464 1783 .
557 1725 606 1780 nn
624 1723 808 1780 ennomus
825 1723 1083 1780 coenarrorus.
1127 1697 1129 1702 ’

349 1835 414 1895 Hoc
435 1834 499 1893 loeo
521 1832 720 1893 necessarium
742 1838 787 1892 est
809 1849 966 1909 exponere,
989 1831 1240 1908 quemadmodum
1254 1831 1365 1909 gradus

283 1919 470 1999 cognationis
493 1924 695 1978 numerentur.
732 1936 791 1993 qua
812 1916 844 1976 in
865 1936 898 1978 re
918 1916 1053 1994 inprimis
1068 1917 1246 1978 admonendi
1261 1936 1365 1978 sumus

284 2006 493 2084 cognationem
515 2004 602 2063 aliam
620 2022 709 2080 supra
724 2003 882 2076 numerari,
906 2001 994 2062 aliam
1009 2002 1094 2077 inira,
1118 2002 1206 2063 aliam
1221 2022 1258 2063 ex
1272 2011 1365 2064 trans·

285 2111 378 2166 verso,
402 2109 478 2168 quae
498 2090 587 2151 etiam
610 2089 648 2149 a*
669 2091 760 2151 latere
780 2088 894 2151 dicitur.
932 2089 1065 2166 superior
1086 2089 1223 2166 cognatio
1245 2097 1289 2151 est
1316 2110 1365 2167 pa·

284 2179 421 2251 rentium,
446 2176 564 2238 inferior
586 2176 759 2250 liberorum,
789 2194 825 2237 ex
847 2183 1015 2236 transverso
1041 2176 1165 2236 fratrum
1193 2195 1365 2237 sororumve

281 2283 457 2342 eorumque,
487 2263 537 2341 qui
562 2282 599 2324 ex
627 2262 673 2323 bis
701 2268 949 2341 progenerantur,
980 2268 1009 2322 et
1038 2261 1243 2324 convenienter
1270 2263 1365 2341 patrui

282 2352 388 2413 amitae
410 2349 546 2411 avunculi
569 2356 751 2411 materterae.
783 2355 811 2409 et
833 2349 966 2426 superior
987 2348 1106 2425 quidem
1127 2355 1157 2409 et
1178 2348 1298 2410 inferior
1319 2368 1365 2411 oo

282 2439 383 2517 gnatio
396 2437 518 2514 aprimo
530 2437 625 2514 gradu
639 2435 752 2514 incipit:
769 2441 798 2495 at
810 2455 854 2509 ea,
869 2454 945 2511 quae
955 2453 992 2495 ex
1002 2441 1171 2496 transverso
1182 2442 1363 2509 numeratur,

279 2544 299 2585 a
323 2523 473 2589 secundo„
502 2522 620 2582 ⁵Primo
647 2521 742 2600 gradu
764 2527 809 2581 est
831 2539 921 2598 supra
947 2527 1030 2597 pater
1055 2527 1159 2594 mater,
1186 2520 1262 2581 infra
1288 2522 1396 2582 filiusl

281 2612 348 2673 filia.
395 2608 530 2671 Secundo
553 2627 643 2686 supra
665 2626 736 2668 avus
759 2607 837 2679 avia,
860 2606 937 2666 infra
959 2625 1052 2684 nepos
1074 2607 1184 2684 neptis,
1212 2626 1249 2667 ex
1270 2614 1399 2667 trans-2

281 2716 366 2759 verso
389 2696 478 2756 frater
499 2712 593 2755 soror.
631 2694 729 2755 Tertio
752 2711 843 2769 supra
864 2710 990 2769 proavus
1013 2692 1141 2770 proavia,
1163 2693 1241 2753 infra
1261 2712 1364 2771 prone
1382 2699 1399 2752 3

282 2803 336 2861 pos
359 2780 517 2860 proneptis,
540 2800 577 2841 ex
599 2786 767 2841 transverso
790 2778 889 2839 fratris
908 2778 1076 2854 sororisque
1089 2779 1166 2839 tilius
1181 2779 1241 2839 filia
1255 2785 1283 2840 et
1298 2798 1365 2839 cou-

283 2868 432 2928 venienter
453 2872 575 2944 patruus
598 2865 688 2926 amita
702 2866 865 2925 avunculus
879 2869 1045 2925 matertera.
1079 2872 1202 2942 patruus
1216 2872 1262 2927 est
1275 2865 1366 2943 patris

253 2992 255 3005 ·
282 2953 380 3026 frater,
405 2952 455 3028 qui
470 2951 580 3013 Graece
594 2950 726 3032 πάτρως
740 2958 875 3011 vocatur:
898 2951 1060 3010 avunculus
1083 2957 1128 3011 est
1149 2951 1252 3011 matris
1266 2952 1364 3024 frater,

282 3040 334 3116 qui
365 3038 443 3117 apud
470 3037 597 3099 Graecos
625 3037 743 3115 proprie
769 3037 903 3119 μήτρως
933 3036 1109 3114 appellatur:
1143 3044 1171 3098 et
1200 3037 1366 3115 promiscue

285 3126 375 3194 θεῖος
386 3124 499 3185 dicitur.
522 3123 613 3185 amita
627 3130 671 3185 est
686 3122 777 3201 patris
792 3142 885 3197 soror,
901 3129 1058 3184 matertera
1072 3142 1141 3185 vero
1153 3124 1256 3185 matris
1267 3142 1364 3185 soror:

283 3220 408 3288 utraque
429 3209 502 3273 θεία
525 3211 570 3271 vel
586 3210 663 3286 apud
678 3210 823 3287 quosdam
838 3208 931 3291 τηθίς
944 3209 1121 3287 appellatur.¹
1144 3208 1256 3283 Quarto
1270 3210 1365 3288 gradu
1382 3215 1400 3269 4
1479 3235 1483 3245 ·

283 3317 374 3376 supra
400 3298 511 3358 abavus
540 3296 656 3370 abavia,
686 3295 763 3357 infra
791 3297 923 3373 abnepos
953 3296 1101 3374 abneptis,
1132 3315 1169 3357 ex
1198 3304 1365 3357 transverso

283 3384 381 3446 fratris
404 3383 571 3460 sororisque
591 3400 685 3460 nepos
707 3382 803 3459 neptis
825 3388 855 3442 et
876 3382 1082 3443 convenienter
1096 3388 1218 3461 patruus
1236 3400 1365 3460 magnus

280 3470 373 3531 amita
394 3489 506 3547 magna
529 3469 570 3547 (id
593 3476 638 3529 est
659 3468 706 3528 avi
728 3470 816 3529 trater
838 3475 867 3529 et
889 3469 995 3545 soror),
1025 3468 1096 3530 item
1119 3469 1282 3530 avunculus
1304 3489 1366 3529 ma·

282 3576 361 3635 gnus
377 3562 534 3616 matertera
548 3574 661 3633 magna
676 3555 718 3633 (id
737 3561 782 3615 est
797 3554 879 3616 aviae
893 3555 983 3615 frater
997 3561 1025 3615 et
1040 3557 1147 3633 soror),
1171 3556 1366 3617 consobrinus

281 3642 460 3703 consobrina
487 3642 529 3720 (id
554 3648 600 3703 ¹est
626 3640 676 3719 qui
705 3659 815 3717 quaeve
837 3660 875 3701 ex
895 3640 1035 3701 iratribus
1056 3648 1108 3704 aut
1130 3643 1280 3703 sororibus
1301 3662 1365 3720 pro

283 3729 484 3806 generantur).
522 3727 573 3789 sed
596 3724 715 3805 quidam
737 3734 815 3787 recte
837 3727 1030 3789 consobrinos
1052 3747 1103 3789 eos
1125 3729 1241 3807 proprie
1262 3734 1367 3807 putant

284 3814 349 3887 dici,
373 3814 423 3892 qui
438 3834 475 3875 ex
490 3813 605 3875 duabus
621 3814 771 3875 sororibus
786 3821 1030 3892 progenerantur,
1046 3814 1131 3892 quasi
1145 3813 1364 3877 consororinos:

281 3919 334 3962 eos
357 3919 435 3974 vero,
459 3900 509 3978 qui
524 3919 561 3961 ex
575 3901 691 3962 duobus
705 3900 844 3960 iratribus
858 3907 1101 3978 progenerantur,
1124 3901 1242 3980 proprie
1259 3900 1366 3959 fratres

339 4054 415 4106 ·¹aio
432 4050 493 4119 ΒΘ,
515 4056 619 4123 cognati
641 4054 749 4107 suntT
784 4020 787 4026 Ι
827 4052 1037 4107 ’namvela'bri
1086 4020 1194 4123 '‘d'f.
1238 4051 1366 4120 ·.38‚10

280 4122 568 4260 :zdalegssogw
639 4120 1215 4245 ¹51..5aimileaDiq.38,10‚l§3..?
1247 4123 1367 4177 eatttt

1138 4275 1172 4329 7*
