3309 4917
325 449 441 517 1V,8.a
842 450 902 513 158
1056 468 1096 512 nn
1111 466 1223 513 nonai„
1238 467 1416 513 ncrroumus

327 621 488 685 ‘nasciturz
513 642 642 700 nemque
662 624 739 685 inter
760 622 915 684 dominum
937 630 966 683 et
988 640 1056 682 eum
1078 622 1129 699 qui
1147 621 1179 681 in
1193 621 1256 682 eius
1271 628 1417 699 potestate

326 706 386 773 *cst
408 710 490 771 nulla
511 710 651 789 obligatio
674 708 756 770 nasci
770 716 876 786 potest.
910 707 1034 786 ideoque
1048 708 1117 768 etsi
1131 707 1162 768 in
1177 707 1308 768 alienam
1320 714 1416 785 potes·

326 798 434 857 'tatem
456 814 558 857 servus
585 794 748 873 pervenerit
776 801 827 856 aut
854 795 1057 855 manumissus
1086 793 1188 867 fuerit,
1218 813 1316 871 neque
1346 812 1416 854 cum

326 878 406 961 *ipso
429 900 525 960 neque
547 900 616 942 cum
638 900 688 955 eo,
718 880 802 941 cuius
825 881 958 942 nuncin
982 886 1125 959 potestate
1146 879 1198 952 sit,
1229 880 1278 958 agi
1306 886 1414 957 potest.

327 965 421 1029 *unde
443 968 468 1028 si
491 968 603 1029 alienus
626 986 728 1028 servus
750 968 872 1028 noxiam
893 967 945 1029 tibi
968 966 1147 1028 commiserit
1169 973 1199 1026 et
1219 966 1245 1025 is
1266 973 1370 1043 postea
1384 966 1416 1025 in

328 1050 486 1134 *potestate
507 1060 559 1113 tua
580 1072 646 1114 esse
668 1054 803 1131 coeperit,
825 1053 971 1114 intercidit
986 1052 1074 1126 actio,
1097 1051 1167 1129 quia
1180 1051 1211 1112 in
1227 1071 1297 1112 eum
1312 1072 1415 1113 casum
1526 1055 1532 1126 j

326 1136 467 1201 *deducta
488 1139 534 1213 sit,
550 1140 582 1199 in
603 1158 662 1217 quo
685 1140 846 1201 consistere
867 1158 929 1200 non
952 1139 1061 1218 potuit:
1083 1139 1207 1215 ideoque
1228 1139 1297 1199 licet
1314 1138 1416 1199 exierit

328 1222 379 1286 *de
399 1233 451 1286 tua
465 1233 617 1303 potestate,
641 1246 730 1303 agere
745 1246 806 1287 non
822 1221 944 1303 potest*
967 1224 1219 1303 quemadmodum
1235 1224 1261 1285 si
1275 1224 1415 1285 dominus

325 1312 356 1373 in
380 1330 497 1373 serrum
519 1332 607 1373 suum
636 1312 746 1390 aliquid
775 1312 968 1386 commiserit,
998 1330 1054 1372 nec
1082 1311 1108 1371 si
1135 1310 1339 1371 manumissus
1369 1312 1414 1371 rel

326 1398 469 1459 alienatus
492 1399 577 1459 luerit
600 1418 710 1472 servus
735 1400 826 1458 ullam
850 1399 995 1459 actionem
1015 1405 1119 1458 contra
1132 1396 1287 1456 domiuum
1302 1396 1414 1457 habere

291 1492 431 1562 lpotest.
465 1481 539 1545 <Sed
561 1491 673 1545 veteres
696 1484 815 1562 quidem
838 1486 912 1545 haec
933 1492 961 1544 et
982 1483 1013 1543 in
1036 1484 1101 1543 filiis
1123 1482 1250 1543 familias
1273 1484 1414 1543 masculis

325 1566 370 1631 <et
390 1570 507 1631 feminis
523 1570 713 1631 admiserunt.
737 1590 814 1631 nova
828 1578 927 1630 autem
942 1570 1098 1629 hominum
1114 1568 1296 1629 conversatio
1312 1568 1413 1628 huius-

325 1652 422 1717 <modi
445 1656 631 1734 asperitatem
654 1665 731 1717 recte
753 1656 949 1733 respuendam
972 1675 1037 1715 esse
1059 1655 1235 1715 existimavit
1257 1661 1286 1714 et
1302 1655 1339 1714 ab
1355 1673 1411 1714 usu

326 1738 493 1802 <communi
515 1742 588 1801 haec
610 1742 726 1820 penitus
748 1741 880 1803 recessit:
904 1741 969 1818 quis
991 1741 1071 1802 enim
1090 1741 1200 1818 patitur
1214 1741 1308 1800 filium
1324 1760 1412 1800 suum

324 1824 370 1888 <ct
392 1828 521 1887 maxime
541 1827 632 1888 filiam
648 1828 677 1887 in
693 1846 803 1889 noxam
820 1827 867 1887 alii
883 1828 963 1899 dare,
986 1834 1019 1888 ut
1034 1847 1128 1904 paene
1142 1846 1194 1905 per
1209 1845 1316 1904 corpus
1332 1834 1414 1904 pater

325 1909 438 1991 <magis
461 1933 550 1990 quarn
573 1915 651 1975 filius
673 1914 858 1991 periclitetur,
882 1933 950 1974 cum
971 1914 1004 1973 in
1023 1914 1138 1974 filiabus
1154 1913 1243 1974 etiam
1259 1913 1413 1989 pudicitiae

325 1995 423 2061 <favor
445 2000 501 2060 hoc
522 2001 599 2061 bene
621 2001 766 2061 excludit?
795 2006 823 2060 et
839 2000 903 2061 ideo
919 2000 1027 2078 placuit
1042 2000 1073 2059 in
1089 2019 1190 2059 servos
1204 2000 1412 2059 tantummodo

325 2082 461 2147 ‘noxales
485 2085 614 2146 actiones
637 2105 702 2148 esse
724 2087 944 2165 proponendas,
975 2104 1044 2147 cum
1067 2086 1145 2162 apud
1172 2092 1285 2146 veteres
1312 2086 1411 2163 legum

323 2168 587 2233 ‘commentatores
609 2172 776 2232 invenimus
800 2172 917 2248 saepius
939 2171 1049 2232 dictum
1075 2172 1156 2249 ipsos
1183 2171 1258 2231 filios
1286 2171 1413 2231 familias

324 2253 392 2335 <pro
415 2258 476 2317 suis
499 2257 610 2317 delictis
634 2277 720 2335 posse
743 2252 918 2319 conveniri.>

838 2444 899 2506 w

446 2553 478 2607 SI
497 2552 714 2619 QUADRUPES
733 2552 948 2638 PAUPERIEld
965 2553 1110 2609 FECISSE
1129 2553 1289 2609 DICITUR.

388 2668 571 2730 Animalium
589 2669 718 2743 nomine,
743 2688 818 2746 quae
833 2670 946 2731 ratione
961 2677 1071 2743 carent,
1096 2670 1119 2729 si
1136 2667 1278 2747 quidem²
1294 2670 1411 2731 lascivia

324 2763 375 2816 aut
397 2754 509 2816 fervore
531 2763 582 2816 aut
603 2756 715 2816 feritate
737 2756 905 2833 pauperiem
928 2756 1063 2830 fecerint,
1094 2757 1209 2817 noxalis
1240 2757 1315 2817 actio
1346 2759 1411 2833 lege

324 2841 478 2903 duodecim
502 2841 669 2901 tabularum
693 2842 807 2919 prodita
829 2849 874 2903 est
902 2845 992 2920 (quae
1019 2843 1159 2903 animalia
1185 2843 1210 2903 si
1240 2863 1337 2904 noxae
1366 2843 1412 2902 de·

324 2928 445 3000 dantur,
475 2927 630 3004 proficiunt
652 2946 702 2987 reo
726 2928 763 2988 ad
785 2927 1003 2999 liberationem,
1033 2930 1102 3005 quia
1124 2929 1164 2988 ita
1186 2930 1233 2990 lex
1256 2928 1408 2990 duodecim

323 3015 492 3074 tabularum
515 3014 622 3091 scripta
643 3015 716 3090 est):
743 3020 814 3091 puta
838 3014 863 3073 si
884 3033 977 3090 equus
1000 3016 1171 3076 calcitrosus
1194 3016 1273 3076 calce
1294 3034 1410 3092 percus·

324 3100 394 3159 serit
416 3106 466 3159 aut
487 3100 542 3159 bos
565 3118 656 3159 cornu
679 3105 776 3177 petere
798 3100 901 3160 solitus
922 3100 1045 3177 petierit.
1079 3101 1152 3161 haec
1175 3108 1274 3161 autem
1291 3102 1365 3162 actio
1381 3100 1410 3159 in

323 3185 379 3259 his,
404 3204 480 3261 quae
502 3192 605 3252 contra
627 3192 765 3245 naturam
787 3193 951 3260 moventur,
976 3187 1074 3247 locum
1096 3187 1198 3247 habet:
1228 3194 1358 3248 ceterum
1387 3187 1412 3244 si

324 3271 460 3349 genitalis
483 3270 519 3331 sit
542 3271 654 3343 feritas,
686 3278 789 3331 cessat.
831 3270 974 3349 ³denique
997 3272 1021 3332 si
1044 3293 1131 3333 ursus
1154 3273 1229 3351 fugit
1251 3293 1270 3333 a
1292 3272 1412 3332 domino

324 3364 353 3417 et
380 3358 422 3417 sic
448 3356 562 3430 nocuit,
592 3376 652 3417 non
680 3363 776 3434 potest
805 3358 956 3433 quondam
983 3358 1122 3420 dominus
1151 3358 1314 3427 conveniri,
1342 3355 1412 3431 quia

325 3443 430 3503 desinit
452 3442 590 3503 dominus
613 3460 688 3514 esse,
712 3442 762 3501 ubi
777 3443 839 3503 fera
853 3446 952 3506 evasit.
987 3445 1141 3522 pauperies
1158 3452 1257 3503 autem
1272 3449 1317 3500 est
1330 3440 1411 3499 dam-

324 3546 398 3587 num
421 3528 485 3587 sine
506 3528 612 3588 iniuria
635 3528 767 3589 facientis
790 3529 905 3590 datum:
936 3550 992 3591 nec
1014 3531 1094 3591 enim
1116 3536 1214 3606 potest
1236 3526 1347 3586 animal
1368 3526 1411 3586 in-

324 3612 429 3671 iuriam
452 3613 555 3673 iecisse
577 3613 641 3687 dici,
665 3614 744 3691 quod
767 3633 856 3674 sensu
879 3624 967 3677 caret.
1001 3617 1073 3676 haec
1095 3614 1174 3691 quod
1196 3613 1235 3672 ad
1250 3612 1412 3680 noxalem4

326 3699 471 3759 actionem
494 3700 628 3774 pertinet.

291 3790 304 3843 1
390 3784 526 3845 Ceterum
549 3785 701 3847 sciendum
725 3791 770 3845 est
792 3786 922 3846 aedilicio
945 3786 1038 3847 edicto
1060 3785 1211 3862 prohiberi
1234 3804 1290 3845 nos
1306 3804 1411 3846 canem

324 3890 438 3933 verrem
462 3889 567 3947 aprum
589 3890 692 3932 ursum
715 3873 832 3932 leonem
854 3871 894 3931 ibi
916 3872 1034 3945 habere,
1058 3891 1117 3948 qua
1141 3872 1229 3949 vulgo
1244 3871 1299 3932 iter
1314 3872 1358 3932 fit:
1383 3880 1411 3932 et

325 3958 349 4017 si
372 3958 511 4018 adversus
535 3977 569 4018 ea
590 3957 700 4017 iactum
723 3957 777 4018 erit
799 3966 828 4019 et
850 3958 980 4019 nocitum
1002 3958 1117 4019 homini
1138 3957 1230 4019 libero
1254 3978 1319 4019 esse
1337 3958 1410 4019 dice·

394 4094 465 4161 ¹0f.
479 4093 538 4217 Digna.
551 4091 602 4155 9,l
667 4096 725 4145 ²aic
744 4095 811 4158 deu,
831 4096 892 4163 quid
910 4096 1041 4147 lihriboni
1109 4094 1120 4125 ⁸
1132 4112 1177 4161 pr.
1185 4095 1337 4163 finsimila'a
1348 4094 1408 4161 Dip.

323 4160 497 4230 9,1,1§10.
543 4160 617 4232 (Uip.
631 4164 648 4217 l.
663 4161 695 4217 18
714 4166 750 4216 ad
768 4162 818 4233 ecl.)
889 4162 1047 4232 ⁴noralem]
1066 4163 1123 4226 PE,
1142 4182 1201 4217 nox.
1220 4166 1288 4216 hanc
1306 4162 1358 4214 AB
