3309 4917
264 443 346 497 oum.
361 442 435 488 uon.
451 443 520 488 ror.
536 443 657 488 rrrrroa
787 426 829 488 27
1231 421 1252 488 1,
1266 421 1307 478 22.
1318 421 1353 478 23

264 591 427 657 <decimum
443 615 557 658 annum
575 598 757 676 completum
778 598 844 659 ilico
866 598 983 660 initium
997 597 1128 676 accipere
1142 596 1350 675 disposuimus,

263 677 460 759 ‘antiquitatis
488 703 626 744 normam
656 684 687 744 in
710 683 859 744 femininis
884 684 1018 762 personis
1042 684 1117 744 bene
1143 682 1270 762 positam
1296 701 1351 744 suo

263 763 382 830 ‘ordine
397 769 605 847 relinquentes,
621 776 655 830 ut
669 774 736 847 post
749 769 957 831 duodecimum
972 789 1086 832 annum
1098 769 1277 848 completum
1289 769 1352 830 riri·

263 849 413 932 <potentes
435 873 501 916 esse
523 849 704 916 credantur.>
743 854 835 916 ²Itam
858 855 958 919 linitur
975 857 1075 930 tutela,
1100 855 1124 916 si
1144 855 1278 934 adrogati
1293 855 1352 916 sint
1370 860 1386 912 1

263 940 361 1000 adhuc
375 939 545 1017 impuberes
557 941 601 1002 vel
613 940 770 1021 deportati:
791 941 863 1002 item
879 941 903 1002 si
917 942 948 1002 in
963 942 1131 1003 servitutem
1147 941 1275 1020 pupillus
1289 941 1352 1002 red-

263 1024 378 1104 igatur²
393 1027 438 1087 vel
454 1027 491 1088 ab
507 1026 642 1088 hostibus
657 1027 743 1087 fuerit
758 1034 870 1105 captus.
905 1025 981 1090 ³Sed
996 1035 1025 1089 et
1040 1027 1064 1088 si
1079 1027 1226 1107 usquead
1241 1033 1353 1088 certam
1369 1030 1388 1084 2

263 1111 466 1174 condicionem
481 1114 568 1174 datus
590 1112 627 1174 sit
648 1120 835 1187 testamento,
861 1133 954 1192 aeque
976 1113 1080 1188 evenit,
1103 1121 1137 1174 ut
1158 1113 1272 1175 desinat
1287 1132 1352 1174 esse

262 1204 343 1259 tutor
371 1198 517 1261 existente
544 1199 725 1260 condicione.
770 1198 864 1260 Simili
892 1199 996 1276 modo¹
1010 1199 1110 1260 finitur
1135 1200 1227 1261 tutela
1255 1202 1386 1260 morte3

263 1285 308 1345 vel
329 1291 462 1346 tutorum
477 1287 523 1347 vel
538 1286 727 1364 pupillorum.
773 1285 830 1346 Sed
853 1291 881 1346 et
903 1284 1005 1363 capitis
1020 1285 1221 1347 deminutione
1235 1285 1349 1359 tutoris,
1368 1289 1387 1344 4

262 1390 430 1448 perquam
452 1373 572 1434 libertas
595 1373 641 1432 vel
662 1371 763 1432 civitas
785 1370 847 1432 eius
870 1371 1020 1446 amittitur,
1044 1372 1143 1432 omnis
1162 1373 1255 1432 tutela
1269 1371 1352 1450 perit

262 1455 388 1517 minima
410 1465 510 1520 autem
526 1457 628 1536 capitis
644 1457 845 1520 deminutione
860 1457 974 1536 tutoris,
997 1456 1086 1520 veluti
1108 1456 1133 1518 si
1155 1475 1187 1518 se
1209 1457 1240 1516 in
1262 1457 1350 1534 adop·

262 1543 373 1604 tionem
396 1543 522 1618 dederit,
551 1543 683 1622 legitima
704 1551 821 1605 tantum
844 1545 934 1605 tutela
956 1543 1044 1623 perit,
1068 1549 1182 1605 ceterae
1204 1559 1266 1602 non
1288 1561 1351 1618 per·

262 1637 348 1690 eunt:
372 1632 424 1690 sed
446 1630 550 1709 pupilli
573 1637 602 1691 et
624 1629 752 1709 pupillae
774 1630 876 1708 capitis
892 1629 1054 1692 deminutio
1075 1629 1143 1690 licet
1157 1627 1282 1689 minima
1303 1627 1350 1702 sit,

262 1734 368 1776 omnes
393 1717 501 1777 tutelas
530 1715 613 1778 tollit.
659 1717 814 1778 Praeterea
842 1717 892 1794 qui
921 1717 957 1776 ad
985 1721 1098 1777 certum
1125 1722 1242 1793 tempus
1264 1716 1386 1775 testa-5

261 1808 364 1863 mento
389 1803 497 1863 dantur
525 1809 652 1876 tutores,
680 1802 763 1863 finito
792 1821 828 1864 eo
853 1795 1007 1880 deponunt
1028 1803 1162 1864 tutelam.
1206 1800 1386 1862 Desinunt6

262 1894 363 1948 autem
392 1908 457 1950 esse
485 1895 615 1963 tutores,
645 1888 697 1965 qui
719 1889 764 1950 vel
792 1895 982 1950 removentur
1008 1908 1026 1949 a
1047 1889 1139 1950 tutela
1160 1887 1199 1947 ob
1221 1887 1250 1947 id
1272 1886 1351 1964 quod

262 1974 390 2050 suspecti
413 1973 465 2034 risi
488 1981 572 2048 sunt,
597 1972 666 2035 uel⁴
688 1992 725 2034 ex
746 1972 823 2034 iusta
852 1992 942 2034 causa
970 1993 1035 2036 sese
1061 1979 1202 2036 excusant
1225 1980 1253 2034 et
1275 1991 1352 2034 onus

262 2057 535 2122 administrandae⁵
563 2061 672 2122 tutelae
698 2060 852 2137 deponunt
873 2061 1036 2122 secundum
1065 2078 1101 2124 ea
1127 2077 1203 2136 quae
1229 2057 1352 2119 inferius

262 2163 471 2223 proponemus.

751 2248 845 2309 XXlll
854 2246 867 2286 ⁶

637 2347 685 2403 DE
704 2346 971 2404 OURA'PORIBUS.

325 2454 447 2516 Masculi
466 2456 591 2533 puberes
613 2463 642 2515 et
663 2455 791 2516 feminae
806 2453 993 2532 viripotentes
1009 2473 1103 2531 usque
1126 2454 1163 2514 ad
1179 2452 1351 2515 vicesimum

261 2541 397 2619 quintum
430 2559 545 2602 annum
583 2541 763 2620 completum
802 2547 952 2601 curatores
985 2539 1145 2618 accipiunt:
1185 2539 1248 2617 qui,
1283 2538 1351 2600 lieet

260 2629 386 2706 puberes
409 2627 480 2701 sint,
513 2627 610 2689 adhuc
631 2634 732 2688 tamen
755 2625 843 2687 buius
867 2625 969 2686 aetatis
991 2633 1076 2700 sunt,
1099 2634 1133 2686 ut
1154 2625 1274 2704 negotia
1296 2643 1350 2686 sua

260 2715 334 2776 tueri
350 2733 411 2775 non
426 2713 541 2791 possint
548 2710 571 2776 ⁷.
609 2713 725 2773 Dantur
739 2719 838 2773 autem
854 2720 1003 2773 curatores
1026 2712 1063 2773 ab
1085 2711 1179 2773 isdem
1195 2711 1348 2790 magistra·
1368 2716 1384 2768 1

259 2800 354 2873 tibus,
379 2819 397 2860 a
419 2799 527 2876 quibus
549 2805 578 2860 et
599 2806 720 2862 tutores.
755 2799 807 2860 sed
829 2804 947 2860 curator
968 2804 1145 2860 testamento
1168 2817 1229 2858 non
1253 2797 1349 2871 datur,

260 2886 312 2945 sed
340 2885 427 2945 datus
455 2885 647 2945 confirmatur
675 2885 792 2946 decreto
821 2883 963 2962 praetoris
991 2884 1037 2944 vel
1070 2883 1220 2962 praesidis.
1275 2882 1385 2942 Item2

259 2969 341 3029 inviti
357 2971 560 3031 adulescentes
574 2977 726 3030 curatores
746 2989 808 3031 non
824 2969 970 3048 accipiunt
984 2975 1191 3048 praeterquam
1206 2968 1238 3028 in
1253 2967 1348 3030 litem:

260 3061 378 3116 curator
407 3053 485 3115 enim
515 3061 545 3114 et
570 3055 607 3114 ad
630 3061 740 3116 certam
763 3074 885 3117 causam
907 3055 970 3116 dari
991 3061 1095 3134 potest.
1141 3053 1255 3116 Furiosi
1278 3057 1384 3132 quo-3

260 3161 318 3220 que
339 3147 369 3203 et
390 3139 515 3221 prodigi,
539 3139 606 3204 licet
627 3140 755 3201 maiores
770 3140 871 3218 viginti
894 3141 1024 3220 quinque
1046 3139 1133 3202 annis
1156 3140 1223 3214 sint,
1248 3147 1350 3202 tamen

259 3229 291 3289 in
321 3227 472 3288 curatione
501 3233 571 3288 sunt
597 3228 797 3306 adgnatorum
825 3247 862 3288 ex
890 3229 957 3306 lege
983 3227 1139 3289 duodecim
1167 3228 1348 3288 tabularum.

259 3314 310 3376 sed
325 3316 422 3374 solent
437 3313 552 3375 Romae
567 3312 753 3392 praefectus⁸
774 3313 856 3375 urbis
872 3315 917 3376 rel
938 3321 1054 3392 praetor
1076 3320 1105 3375 et
1126 3313 1156 3374 in
1173 3307 1350 3393 provinciis⁹

259 3400 409 3480 praesides
438 3419 475 3460 ex
503 3399 691 3478 inquisitione
725 3399 768 3462 eis
796 3401 866 3461 dare
896 3407 1054 3462 curatores·
1106 3399 1164 3461 Sed
1193 3408 1222 3461 et
1250 3406 1386 3467 mente4

259 3486 352 3564 captis
375 3493 404 3547 et
426 3486 523 3547 surdis
545 3494 574 3547 et
595 3486 686 3547 mulis
708 3493 737 3547 et
759 3486 809 3564 qui
832 3486 937 3547 morbo
957 3492 1097 3564 perpetuo
1112 3486 1258 3560 laborant,
1282 3484 1351 3562 quia

259 3573 348 3633 rebus
364 3572 426 3633 suis
442 3591 597 3651 superesse
618 3592 681 3633 non
703 3579 838 3651 possunt,
864 3578 1014 3633 curatores
1030 3571 1118 3632 dandi
1135 3579 1215 3634 sunt.
1259 3572 1349 3632 Inter·
1368 3583 1385 3639 5

259 3658 330 3719 dum
353 3666 453 3720 autem
476 3666 506 3720 et
527 3657 629 3738 pupilli
651 3665 801 3720 curatores
823 3657 978 3736 accipiunt,
1002 3664 1035 3718 ut
1057 3663 1128 3737 puta
1150 3657 1175 3719 si
1197 3657 1349 3746 legitimus

330 3790 775 3861 ¹slamtto1>tp26‚1‚14pr.
795 3790 1176 3860 §tempestuosam
1243 3793 1351 3858 mer,

258 3870 289 3916 ut
304 3864 425 3931 ingratus
441 3879 460 3914 a
475 3872 583 3930 patrono
606 3864 669 3915 odd.
688 3881 746 3914 mm
766 3860 866 3928 Opoat
882 3863 1015 3928 redigatur
1037 3863 1064 3929 T,
1081 3871 1143 3930 post
1160 3862 1311 3916 servitutem
1323 3861 1350 3914 B

260 3933 271 3964 ⁸
288 3931 334 3994 §2
351 3933 443 3984 nmilia
460 3929 720 3998 th.26,1‚14§5
738 3930 814 3997 (Ulp.
835 3933 852 3983 l.
870 3927 905 3984 37
922 3932 960 3984 cd
972 3931 1045 3998 aab.)
1117 3931 1129 3964 ⁴
1146 3928 1197 3999 rel]
1216 3932 1275 3984 dett.
1291 3947 1349 3982 cum

261 3999 293 4067 Θ,
311 4003 355 4054 vel
389 4002 442 4053 uod
458 3999 513 4053 BT
581 4002 597 4064 ⁶,
610 4001 646 4052 cic
668 4001 907 4066 narniniensis
926 4000 952 4051 B
1022 4001 1032 4033 ⁸
1053 4001 1093 4068 Of.
1115 4000 1173 4052 dat.
1194 3996 1349 4062 1,197.198

257 4019 421 4190 Βίριῖθίἒπ
471 4072 608 4138 'possunt
625 4070 686 4121 libri
756 4070 766 4100 ⁸
784 4071 821 4122 sic
842 4066 874 4136 Θ,
891 4071 1014 4136 praefecti
1032 4070 1092 4122 libri
1163 4070 1173 4101 ⁸
1191 4069 1227 4122 tic
1241 4065 1273 4134 Θ,
1290 4086 1347 4136 pro·

256 4156 343 4192 mnata
