3309 4917
272 483 312 528 nr
326 482 402 528 ruas
417 481 552 531 rancum
792 465 829 528 81
965 535 968 542 ,
1222 462 1256 528 ΙΙ,
1269 461 1355 520 2223

272 645 357 700 turus
380 637 425 712 sit,
448 636 500 701 sed
523 655 643 698 necesse
665 642 718 710 est,
742 643 775 699 ut
797 637 888 697 nihilo
911 637 1010 698 minus
1033 643 1136 714 quarta
1158 657 1226 715 pars
1248 638 1354 716 legatis

274 723 452 784 detrahatur.
486 742 523 783 ex
544 723 657 783 diverso
681 722 706 783 si
728 723 915 800 septuaginta
937 723 1067 801 quinque
1087 724 1227 801 legaverit
1243 731 1355 786 etanta

274 809 384 870 aditam
406 809 597 890 hereditatem
617 808 649 869 in
671 816 788 870 tantum
809 809 987 871 decreverint
1009 811 1089 870 bona
1110 809 1251 872 incendiis
1281 810 1355 872 forte
1381 885 1385 890 ¹

273 902 325 959 aul
339 895 501 974 naufragiis
516 901 567 956 aut
581 902 676 957 morte
690 913 853 970 servorum,
868 902 901 956 ut
916 915 977 957 non
992 895 1119 973 amplius
1134 915 1225 972 quam
1239 903 1354 974 septua-

273 983 357 1060 ginta
385 980 515 1059 quinque
541 975 729 1043 <aureorum>
756 980 921 1041 substantia
948 982 993 1042 vel
1022 981 1110 1044 eliam
1137 981 1238 1044 minus
1268 983 1354 1044 relin-

274 1075 389 1146 quatur,
413 1067 506 1128 solida
524 1069 623 1146 legata
637 1066 810 1128 debentur1.
845 1086 899 1128 nec
915 1086 949 1128 ca
964 1087 1011 1128 res
1026 1067 1171 1129 damnosa
1185 1075 1229 1130 est
1243 1068 1353 1142 heredi,

275 1154 322 1215 cui
348 1154 475 1234 liberum
504 1159 549 1214 est
576 1172 638 1214 non
667 1153 747 1214 adire
775 1153 979 1214 hereditatem:
1011 1173 1087 1230 quae
1115 1155 1292 1228 resefficit,
1321 1163 1355 1216 ut

279 1259 399 1302 necesse
422 1241 459 1300 sit
480 1239 638 1319 legatariis,
661 1259 699 1300 ne
720 1239 857 1300 destituto
879 1246 1056 1300 testamento
1078 1239 1151 1300 nihil
1173 1259 1354 1318 consequan-

272 1333 335 1400 tur,
364 1345 433 1388 cum
459 1326 567 1388 herede
593 1326 624 1386 in
646 1325 780 1404 portione
800 1325 917 1402 pacisci.
962 1324 1039 1385 Cum
1061 1332 1161 1387 autem
1182 1326 1257 1386 ratio
1279 1326 1388 1405 legiae

273 1412 419 1473 Falcidiae
451 1411 582 1491 ponitur,
612 1419 681 1472 ante
710 1411 861 1472 deducitur
891 1430 941 1471 aes
971 1411 1113 1486 alienum,
1143 1411 1214 1472 item
1242 1412 1353 1474 funeris

273 1498 408 1576 impensa
436 1507 465 1559 et
490 1498 582 1576 pretia
611 1517 764 1558 servorum
791 1497 1059 1572 manumissorum,
1094 1505 1165 1558 tunc
1193 1497 1297 1559 deinde
1323 1498 1355 1558 in

273 1585 383 1661 reliquo
406 1584 446 1646 ita
468 1585 541 1649 ratio
562 1584 700 1656 habetur,
728 1590 761 1644 ut
789 1603 825 1644 ex
848 1603 882 1644 eo
905 1590 1009 1660 quarta
1030 1602 1099 1661 pars
1127 1584 1204 1661 apud
1231 1583 1355 1645 heredes

272 1677 438 1744 remaneat,-
466 1678 526 1733 tres
548 1689 616 1732 vero
639 1677 736 1748 partes
758 1669 835 1730 inter
864 1669 1021 1747 legatarios
1048 1669 1272 1743 distribuantur,
1301 1689 1355 1748 pro

272 1764 338 1816 rata
360 1756 469 1818 scilicet
490 1756 624 1834 portione
646 1756 719 1830 eius,
741 1756 820 1833 quod
843 1755 948 1832 cuique
971 1774 1073 1816 eorum
1101 1756 1232 1834 legatum
1259 1756 1354 1817 luerit.

278 1840 396 1920 ²itaque
426 1843 451 1903 si
484 1842 633 1920 fingamus
666 1842 896 1918 quadringentos
925 1836 1061 1902 <aureos>
1089 1842 1202 1920 legatos
1235 1861 1300 1902 esse
1327 1849 1356 1904 et

276 1928 445 2006 patrimonii
456 1927 658 2005 quantitatem,
672 1946 709 1987 ex
719 1946 779 2004 qua
789 1928 888 2004 legata
899 1927 1014 2004 erogari
1025 1933 1147 2004 oportet,
1161 1927 1356 2005 quadringen-

275 2020 374 2074 torum
393 2032 466 2088 esse,
490 2020 595 2090 quarta
609 2031 678 2090 pars
693 2013 819 2091 singulis
834 2013 981 2091 legatariis
995 2012 1107 2074 detrahi
1122 2013 1216 2074 debet.
1251 2013 1356 2090 quodsi

278 2105 423 2160 trecentos
446 2099 658 2177 quinquaginta
679 2100 793 2176 legatos
815 2099 978 2176 fingamus,
1003 2105 1104 2159 octava
1126 2098 1213 2159 debet
1232 2099 1354 2160 detrahi.

276 2185 382 2262 quodsi
403 2187 581 2264 quingentos
601 2185 751 2262 legaverit,
774 2184 856 2245 initio
871 2186 982 2263 quinta,
1005 2184 1109 2247 deinde
1124 2191 1229 2262 quarta
1244 2185 1356 2246 detrahi

277 2272 375 2333 debet:
399 2279 467 2333 ante
490 2273 569 2334 enirn
590 2271 804 2333 detrahendum
827 2278 881 2345 est,
905 2271 983 2349 quod
1006 2277 1088 2332 extra
1104 2272 1250 2333 bonorum
1266 2291 1357 2348 quan·

278 2358 391 2419 litatem
418 2367 476 2434 est,
511 2359 615 2420 deinde
644 2358 723 2434 quod
750 2377 786 2419 ex
815 2357 902 2418 bonis
930 2357 1008 2435 apud
1036 2357 1175 2419 heredem
1203 2376 1358 2420 remanere

277 2451 399 2522 oportet.

264 2559 282 2600 ⁸
760 2595 873 2658 xxu1³

443 2715 491 2771 DE
508 2713 864 2770 FIDEIOOMMISSARIIS
881 2712 1187 2788 HEREDJTATIBUS.

343 2835 671 2900 ⁴*Nunctransea1nus
694 2839 731 2898 ad
753 2837 989 2898 fideicommissa.
1027 2843 1055 2898 et
1082 2837 1162 2916 prius
1189 2838 1225 2900 de
1247 2838 1357 2911 heredi·

279 2921 402 2985 *tatibus
424 2919 730 2985 ‘fideicommissariis'
754 2920 929 2984 videamus*

340 3009 500 3071 Sciendum
521 3010 619 3086 itaque
641 3017 685 3070 est
704 3010 805 3070 onmia
819 3009 1046 3071 fideicommissa
1060 3009 1160 3088 primis
1175 3009 1356 3088 temporibus
1374 3021 1390 3074 1

275 3096 393 3157 infirma
415 3115 488 3170 esse,
512 3095 580 3172 quia
602 3115 690 3157 nemo
712 3096 819 3157 invitus
843 3097 1000 3173 cogebatur
1022 3102 1170 3174 praestare
1190 3095 1220 3156 id
1242 3095 1356 3176 dequo

276 3189 396 3260 rogatus
419 3189 494 3243 crat:
523 3181 630 3260 quihus
652 3183 732 3243 enim
754 3201 816 3243 non
839 3189 973 3260 poterant
995 3182 1169 3244 hereditates
1191 3183 1238 3244 vel
1258 3183 1358 3264 legata

276 3269 450 3347 relinquere,
474 3269 498 3329 si
512 3268 726 3346 relinquebant,
742 3268 808 3329 fidei
823 3268 1046 3330 committebant
1060 3287 1172 3344 eorum,
1188 3268 1239 3346 qui
1254 3288 1357 3348 capere

277 3375 314 3416 ex
336 3362 512 3418 testamento
536 3361 684 3433 poterant:
712 3361 741 3416 et
762 3354 827 3416 ideo
854 3355 1080 3416 fideicommissa
1106 3356 1250 3433 appellata
1277 3363 1355 3430 sunt,

276 3442 346 3520 quia
367 3443 449 3504 nullo
470 3441 587 3502 viuculo
608 3440 693 3518 iuris,
721 3441 777 3503 sed
799 3447 915 3501 tanturn
938 3442 1049 3519 pudore
1070 3459 1174 3502 eorum
1195 3441 1246 3518 qui
1272 3461 1357 3521 roga-

276 3529 385 3588 bantur
418 3527 654 3589 continebantur.
697 3534 800 3606 postea
832 3527 945 3605 primus
973 3527 1057 3588 divus
1083 3525 1237 3605 Augustus
1265 3529 1358 3601 semel

277 3614 443 3692 itemmque
465 3614 559 3692 gratia
574 3623 768 3692 personarum
783 3620 891 3687 motus,
914 3613 959 3674 vel
976 3613 1044 3690 quia
1058 3631 1110 3691 per
1124 3613 1215 3690 ipsius
1231 3615 1357 3683 salutem

277 3707 399 3778 rogatus
422 3701 486 3777 quis
509 3699 664 3773 diceretur,
693 3707 745 3760 aut
766 3700 804 3760 ob
825 3699 974 3777 insignem
997 3699 1183 3777 quorundam
1205 3700 1357 3778 perfidiam

277 3786 361 3846 iussit
390 3786 560 3847 consulibus
586 3785 789 3846 auctoritatem
821 3805 907 3846 suam
938 3785 1132 3863 interponere.
1176 3785 1255 3863 quod
1288 3785 1357 3864 quia

277 3873 389 3933 iustum
411 3873 562 3933 videbatur
583 3879 611 3932 et
633 3873 774 3950 populare
796 3878 867 3947 erat,
891 3871 1030 3949 paulatim
1057 3890 1232 3933 conversum
1259 3870 1356 3934 estin

279 3958 434 4020 adsiduam
455 3957 697 4020 iurisdictionem:
719 3964 878 4036 tantusque
900 3958 981 4018 lavor
1004 3976 1106 4019 eorum
1128 3957 1222 4020 factus
1244 3963 1302 4032 est,
1326 3963 1359 4017 ut

349 4107 1359 4234 ¹anwm²fflffifflfflqum

281 4177 1182 4248 mmmmmmmmm⁴mmfflr

329 4280 448 4323 insumant
460 4280 622 4326 msauuones.
648 4279 739 4327 maa.
1137 4279 1153 4333 6
