3309 4917
267 481 424 527 -nrvrsroun
554 512 558 516 .
796 462 837 524 35
1295 459 1357 525 IL]

270 640 434 695 coercetur:
462 651 530 694 cum
553 652 621 694 vero
644 633 769 693 evaserit
795 632 959 693 custodiam
981 639 1064 693 tuam
1087 633 1169 694 etin
1191 635 1357 694 naturalem

269 720 434 781 libertatem
456 739 489 780 se
509 718 663 796 receperit,
687 726 772 779 tuum
795 738 861 779 esse
883 718 989 779 desinit
1011 726 1040 779 et
1060 738 1164 780 rursus
1186 720 1357 797 occupantis

270 807 311 866 fit.
345 806 509 866 naturalem
531 812 631 865 autem
657 804 822 865 libertatem
852 805 979 882 recipere
1000 804 1191 881 intellegitur,
1223 825 1291 865 cum
1313 808 1359 866 vel

270 892 371 954 oculos
393 898 460 952 tuos
482 891 620 969 effugerit
642 891 687 951 vel
709 890 750 951 ita
777 891 814 951 sit
841 891 872 950 in
895 898 1053 968 conspectu
1082 899 1148 964 tuo,
1179 898 1212 953 ut
1234 891 1358 952 difficilis

269 978 308 1038 sit
329 977 391 1038 eius
410 977 583 1054 persecutio.
630 976 722 1037 1lllud
737 977 903 1053 quaesitum
926 985 979 1050 est,
1003 997 1050 1050 an,
1075 977 1100 1037 si
1122 978 1184 1038 fera
1199 977 1291 1038 bestia
1312 978 1405 1038 ita13

261 1064 423 1123 vulnerata
435 1063 480 1137 sit,
496 1069 527 1123 ut
543 1063 607 1140 capi
622 1063 724 1140 possit,
741 1063 841 1123 statim
856 1070 907 1123 tua
922 1081 986 1123 esse
1003 1062 1198 1141 intellegatur.
1222 1058 1358 1140 <quibus-

270 1143 369 1209 ‘daur>
393 1149 502 1226 placuit
516 1150 616 1209 statim
632 1156 714 1209 tuam
737 1168 802 1208 esse
824 1155 853 1209 et
876 1169 910 1210 eo
933 1167 1027 1225 usque
1041 1155 1124 1209 tuam
1140 1149 1239 1224 videri,
1263 1149 1358 1210 donec

270 1255 337 1296 eam
360 1232 576 1312 persequaris²‚
599 1235 706 1311 quodsi
729 1234 850 1295 desieris
873 1234 1016 1312 persequi,
1041 1235 1173 1296 desinere
1194 1243 1277 1296 tuam
1292 1255 1357 1297 esse

270 1329 299 1382 ct
318 1340 421 1381 rursus
436 1320 498 1380 fieri
513 1320 694 1398 occupantis.
723 1315 802 1380 ‘atii’
819 1340 881 1380 non
896 1320 979 1380 aliter
993 1327 1168 1398 putaverunt
1184 1329 1267 1381 tuam
1282 1341 1356 1396 esse,

270 1406 402 1484 quamsi
418 1407 537 1484 ceperis
566 1402 632 1467 ‘sed
648 1407 840 1483 posteriorem
855 1406 1032 1468 sententiam
1047 1426 1103 1467 nos
1120 1402 1356 1480 confirmamus',

270 1493 340 1570 quia
361 1493 457 1552 multa
478 1493 608 1554 accidere
624 1487 761 1566 ‘solent’,
784 1500 818 1553 ut
840 1512 906 1553 eam
921 1512 983 1553 non
999 1492 1105 1570 capias.
1144 1491 1269 1570 ²Apium
1285 1512 1354 1570 quo-
1374 1497 1407 1552 14

211 1610 215 1616 ·
270 1598 328 1657 que
343 1586 450 1639 natura
465 1578 527 1638 fera
542 1585 595 1640 est.
625 1578 723 1654 itaque
737 1598 813 1655 quae
828 1579 859 1638 in
875 1580 980 1639 arbore
994 1586 1046 1639 tua
1061 1578 1255 1652 consederint,
1280 1585 1358 1639 ante·

271 1685 361 1742 quam
384 1685 402 1724 a
422 1671 451 1725 te
467 1666 548 1725 alveo
563 1664 759 1739 includantur,
783 1685 845 1726 non
861 1666 958 1743 magis
974 1671 1042 1725 tuae
1059 1684 1124 1725 esse
1138 1665 1358 1742 intelleguntur,

272 1771 362 1828 quam
385 1751 528 1823 volucres,
551 1751 679 1828 quaein
702 1758 754 1810 tua
776 1751 881 1811 arbore
903 1751 1007 1812 nidum
1029 1751 1161 1812 fecerint:
1189 1751 1313 1828 ideoque
1335 1751 1360 1811 si

271 1837 346 1897 alius
373 1855 424 1897 eas
450 1836 614 1910 incluserit,
644 1835 670 1895 is
697 1855 799 1896 earum
829 1837 967 1897 dominus
994 1837 1055 1898 erit
1091 1837 1173 1898 favos
1195 1857 1312 1914 quoque
1335 1836 1360 1898 si

272 1941 348 1999 quos
369 1921 426 1981 hae
448 1921 598 1994 fecerintt,
628 1920 750 1998 quilibet
779 1922 907 1982 eximere
933 1929 1037 2000 potest.
1077 1924 1164 2000 plane
1191 1923 1361 2001 integrare

273 2009 298 2067 si
320 2006 481 2084 provideris
507 2006 725 2084 ingredientem
750 2007 781 2066 in
808 2007 935 2068 fundum
961 2015 1060 2081 tuum,
1091 2015 1174 2086 potes
1202 2028 1271 2069 eum
1298 2008 1361 2069 iure

104 2141 105 2160 ,
191 2145 198 2154 ,
272 2092 427 2171 prohibere
449 2112 488 2153 ne
509 2091 700 2171 ingrediatur.
737 2112 877 2167 examen,
907 2095 987 2170 quod
1015 2113 1051 2154 ex
1079 2083 1166 2155 alveo'
1188 2103 1239 2156 luo
1267 2095 1361 2156 evola·

272 2179 352 2253 verit,
377 2198 412 2239 eo
433 2199 529 2256 usque
550 2187 635 2240 tuum
657 2198 723 2240 esse
744 2179 934 2258 intellegitur,
959 2180 1052 2241 donec
1074 2180 1105 2240 in
1129 2187 1286 2258 conspectu
1309 2188 1360 2241 tuo

271 2273 316 2327 est
346 2285 401 2325 nec
430 2265 554 2326 difficilis
586 2266 649 2327 eius
678 2265 842 2342 persecutio
871 2274 927 2327 est:
964 2266 1093 2344 alioquin
1121 2267 1291 2345 occupantis
1319 2267 1359 2328 fit.

214 2390 216 2393 -
258 2351 446 2437 (lPavonum
462 2359 491 2412 et
505 2352 711 2412 columbarum
725 2352 788 2412 iera
802 2359 908 2412 natura
930 2359 985 2413 est.
1015 2373 1070 2414 nec
1089 2354 1127 2413 ad
1147 2373 1210 2414 rem
1226 2352 1359 2431 pertinet,
1380 2353 1412 2409 15

258 2438 351 2514 *quod
374 2456 411 2498 ex
433 2437 646 2498 consuetudine
667 2436 806 2498 avolare⁴
827 2445 856 2498 et
878 2438 1009 2499 revolare
1030 2441 1138 2500 solent:
1162 2459 1234 2499 nam
1248 2446 1278 2500 et
1292 2458 1362 2516 apes

271 2523 350 2584 idem
371 2522 492 2600 faciunt,
514 2543 640 2601 quarum
664 2530 779 2584 constat
801 2523 895 2584 leram
918 2543 982 2585 esse
997 2531 1149 2585 naturam:
1173 2543 1275 2586 cervos
1291 2543 1362 2602 quo·

272 2629 330 2687 que
358 2609 399 2669 ita
427 2609 548 2686 quidam
574 2615 747 2670 mansuetos
774 2609 898 2684 habent,
931 2618 964 2671 ut
990 2609 1021 2671 in
1044 2610 1131 2671 silvas
1153 2610 1196 2672 ire
1218 2617 1247 2670 et
1268 2610 1363 2672 redire

272 2697 395 2768 soleant,
420 2693 568 2772 quorum⁵
590 2701 618 2756 et
640 2696 774 2772 ipsorum
796 2695 890 2756 feram
913 2715 978 2758 esse
1001 2704 1138 2758 naturam
1154 2716 1242 2758 nemo
1258 2704 1359 2774 negat.

272 2780 303 2840 in
326 2781 374 2840 his
396 2787 495 2841 autem
511 2781 698 2855 animalibus,
723 2800 799 2859 quae
821 2801 858 2842 ex
880 2783 1092 2844 consuetudine
1113 2783 1194 2843 abire
1216 2790 1246 2843 et
1266 2783 1360 2843 redire

273 2867 377 2939 solent,
401 2866 469 2926 talis
492 2869 596 2944 regula
619 2868 811 2944 comprobata
834 2875 886 2941 est,
909 2866 963 2928 ut⁸
986 2887 1020 2928 eo
1044 2887 1137 2945 usque
1159 2875 1210 2928 tua
1232 2887 1297 2928 esse
1319 2867 1361 2928 in·

271 2951 458 3026 tellegantur,
482 2952 576 3012 donec
597 2952 731 3012 animum
754 2953 917 3014 revertendi
931 2953 1073 3014 habeant:
1096 2951 1188 3013 nam⁷
1214 2949 1253 3012 *si
1267 2972 1361 3014 rever·

274 3033 369 3098 *tendi
396 3035 531 3096 animum
556 3037 664 3098 habere
689 3037 841 3110 desierint,
876 3038 965 3098 etiam
996 3044 1047 3098 tua
1076 3057 1141 3100 esse
1170 3038 1309 3099 desinunt
1333 3045 1361 3099 et

275 3118 363 3182 *fiunt
378 3122 596 3199 occupantium.
629 3123 794 3184 revertendi
813 3130 913 3184 autem
928 3123 1062 3185 animum
1078 3124 1212 3186 videntur
1227 3124 1360 3186 desinere

273 3205 406 3282 *habere
430 3228 499 3268 cum
520 3209 684 3270 revertendi
703 3209 948 3270 consuetudinem
967 3207 1174 3275 deseruerint*
1216 3211 1360 3272 ¹Galljna-
1381 3213 1413 3269 16

271 3315 339 3355 rum
361 3301 391 3355 et
412 3314 552 3356 anserum
580 3315 642 3355 non
669 3302 714 3356 est
739 3296 803 3356 sera
828 3304 936 3358 natura
964 3296 1052 3373 idque
1078 3316 1115 3358 ex
1143 3317 1179 3359 eo
1201 3316 1361 3375 possumus

270 3381 449 3459 intellegere,
473 3381 554 3459 quod
575 3381 651 3442 aliae
673 3387 744 3442 sunt
764 3381 903 3459 gallinae,
927 3402 1001 3459 quas
1024 3383 1101 3444 ieras
1117 3383 1267 3457 vocamus,
1291 3384 1362 3444 ilem

272 3467 321 3526 alii
336 3485 465 3541 anseres,
489 3486 564 3544 quos
587 3468 664 3528 leros
679 3468 873 3546 appellamus.
908 3468 1033 3545 ideoque
1055 3468 1080 3529 si
1103 3489 1222 3531 anseres
1244 3470 1287 3530 tui
1310 3476 1362 3530 aut

270 3552 400 3630 gallinae
422 3560 490 3613 tuae
516 3553 614 3630 aliquo
630 3573 714 3630 ,casu
743 3554 852 3614 turbati
879 3556 1051 3616 turbataeve
1074 3555 1266 3629 evolaverint,
1295 3557 1362 3617 licet

271 3644 462 3716 conspectum
488 3646 574 3700 tuum
596 3640 766 3718 effugerint,
796 3659 985 3718 quocumque
1012 3648 1113 3702 tamen
1134 3643 1200 3704 loco
1223 3643 1295 3715 sint,
1319 3641 1362 3703 tui

271 3731 375 3785 tuaeve
404 3723 490 3786 esse⁸
512 3726 733 3802 intelleguntur:
762 3734 791 3787 et
813 3726 864 3804 qui
886 3726 1020 3787 lucrandi
1042 3727 1142 3788 animo
1165 3747 1201 3788 ea
1222 3727 1363 3788 animalia

271 3810 389 3884 retinet,
417 3810 529 3872 furtum
556 3812 739 3873 committere
767 3812 955 3890 intellegitur.
1007 3810 1100 3874 ²Item
1131 3833 1179 3888 ea,
1214 3831 1290 3890 quae
1321 3825 1410 3881 ex17

342 3963 352 3994 ¹
370 3961 496 4024 §18AE
514 3981 545 4016 etc
564 3965 624 4047 Gai.
644 3966 662 4016 l.
675 3963 754 4017 2rer.
767 3972 824 4047 cett.
843 3961 1029 4065 (mq.}1‚1‚5
1042 3963 1138 4049 5137.
1152 3963 1184 4047 7).
1251 3964 1261 3996 ²
1278 3964 1315 4015 sic
1323 3962 1360 4046 β,

271 4033 646 4169 iiiiqminffliffbj
662 4033 867 4156 {iiiiiiniT
898 4034 1361 4170 aquiiiffinibiffliffiiiffl

273 4166 342 4235 ἀί]
359 4177 433 4222 utet
455 4170 481 4219 T
546 4169 722 4235 tectum
794 4169 1078 4238 ⁸0ss0]13r‚om.a

1125 4271 1158 4324 3*
