3309 4917
312 395 361 461 IV,
375 395 407 452 15
466 389 468 393 ’
826 400 887 462 166
1360 420 1405 464 nr

314 568 479 649 'possidere
501 571 627 645 ridetur,
652 572 702 649 qui
725 580 807 650 putat
829 593 862 634 se
883 572 1022 635 heredem
1045 592 1124 634 esse:
1153 592 1207 651 pro
1229 590 1406 651 possessore

314 654 353 718 *is
376 656 514 735 possidet,
537 658 588 735 qui
610 654 707 719 ‘nullo
730 654 806 721 iure>
822 678 886 719 rem
908 659 1114 720 hereditariam
1135 659 1181 720 vel
1202 658 1291 718 etiam
1306 664 1402 719 totam

314 740 520 804 *hereditatem
543 743 639 804 sciens
663 745 699 804 ad
722 764 838 805 senon
861 746 1006 823 pertinere
1032 745 1170 823 possidet.
1208 744 1273 804 ideo
1299 752 1403 805 autem

314 825 535 907 *adipiscendae
557 830 753 907 possessionis
775 840 897 892 vocatur
917 830 1119 904 interdictum,
1142 830 1211 906 quia
1235 830 1261 890 ei
1282 837 1402 890 tantum

119 966 120 1003 ,
314 912 399 975 *utile
422 922 474 987 est,
501 916 551 993 qui
574 936 654 977 nunc
677 916 805 994 primum
829 925 954 978 conatur
975 916 1094 995 adipisci
1109 915 1151 976 rei
1165 915 1402 993 possessionemr

194 1038 197 1046 ·
313 998 428 1079 'itaque
451 1002 476 1062 si
498 1002 564 1078 quis
587 1002 710 1080 adeptus
732 1003 952 1081 possessionem
974 1004 1104 1063 amiserit
1125 1022 1206 1074 eam,
1233 1001 1291 1061 hoc
1312 1002 1403 1062 inter-

313 1084 438 1148 *dictum
461 1086 488 1147 ei
510 1088 612 1149 inutile
628 1096 682 1150 est.
715 1089 901 1151 interdictum
917 1108 1042 1166 quoque,
1066 1088 1145 1166 quod
1160 1088 1323 1165 appellatur
1337 1086 1400 1147 Sal·

314 1168 458 1246 uianum,
481 1174 687 1251 adipiscendae
710 1175 905 1252 possessionis
921 1193 1009 1236 causa
1024 1180 1226 1253 comparatum
1241 1181 1286 1233 est
1305 1192 1402 1249 coque

314 1255 419 1319 *utitur
441 1259 580 1320 dominus
602 1260 685 1321 fundi
708 1261 744 1321 de
766 1262 856 1322 rebus
877 1261 984 1333 coloni,
1008 1280 1082 1337 quas
1104 1260 1129 1319 is
1146 1279 1198 1337 pro
1214 1259 1401 1320 mercedibus

276 1348 293 1402 4
315 1339 411 1404 *fundi
426 1344 543 1423 pignori
558 1347 672 1407 futuras
687 1346 855 1425 pepigisset.
886 1346 1084 1407 ¹Retinendae
1098 1345 1293 1423 possessionis
1308 1364 1400 1406 causa

313 1425 498 1509 *comparata
520 1440 590 1492 sunt
611 1432 763 1493 interdicta
782 1433 825 1493 uti
839 1433 995 1511 possidetis
1010 1438 1039 1491 et
1052 1431 1160 1504 utrubi,
1185 1450 1252 1492 cum
1268 1432 1305 1491 ab
1321 1438 1400 1492 utra-

312 1512 383 1593 *que
405 1526 487 1595 parte
510 1518 546 1579 de
568 1518 743 1597 proprietate
764 1519 887 1580 alicuius
915 1519 956 1579 rei
983 1517 1182 1579 controversia
1210 1516 1247 1576 sit
1273 1525 1303 1577 et
1329 1524 1400 1581 ante

311 1598 485 1679 *quaeritun
508 1612 574 1665 uter
596 1624 631 1665 ex
653 1604 846 1680 litigatoribus
867 1604 1017 1683 possidere
1032 1612 1060 1663 et
1075 1610 1140 1664 uter
1154 1610 1252 1681 petere
1266 1599 1398 1667 debeat.⁴

310 1706 441 1765 namque
463 1688 520 1749 nisi
541 1697 611 1750 ante
633 1691 818 1767 exploratum
839 1690 934 1765 fuerit,
957 1689 1051 1750 utrius
1068 1708 1171 1751 eorum
1186 1688 1333 1766 possessio
1348 1688 1396 1763 sit,

309 1793 371 1834 non
394 1781 491 1851 potest
513 1773 666 1852 petitoria²
690 1776 764 1837 actio
786 1776 913 1851 institui,
946 1776 1015 1854 quia
1037 1782 1066 1836 et
1087 1775 1177 1835 civilis
1199 1782 1228 1835 et
1254 1775 1398 1835 naturalis

310 1859 383 1919 ratio
405 1860 482 1935 lacit,
506 1868 539 1921 ut
561 1861 634 1921 alius
658 1861 814 1939 possideat,
839 1862 914 1924 alius
936 1882 954 1923 a
976 1862 1144 1940 possidente
1162 1867 1249 1939 petat.
1284 1867 1313 1920 et
1328 1861 1398 1937 quia

308 1946 398 2024 longe
418 1946 603 2007 commodius
619 1954 663 2009 est
677 1948 826 2025 possidere
842 1948 1043 2026 potiusquam
1059 1955 1167 2025 petere,
1190 1947 1255 2007 ideo
1271 1947 1398 2024 plerum·

309 2050 366 2108 que
388 2038 417 2092 et
439 2032 499 2094 iere
522 2053 638 2112 semper
659 2032 767 2111 ingens
790 2035 887 2096 existit
906 2035 1054 2095 contentio
1070 2034 1106 2094 de
1120 2032 1184 2110 ipsa
1199 2032 1396 2111 possessione.

309 2117 499 2180 commodum
523 2126 621 2180 autem
643 2120 813 2197 possidendi
835 2121 865 2182 iu
889 2140 923 2181 eo
945 2128 999 2193 est,
1023 2120 1111 2197 quod,
1136 2121 1251 2180 etiamsi
1270 2118 1333 2178 eius
1348 2137 1397 2179 res

308 2222 369 2264 non
393 2203 429 2263 sit
452 2205 503 2281 qui
526 2205 668 2281 possidet,
699 2206 723 2265 si
752 2207 842 2267 modo
870 2212 952 2266 actor
977 2226 1038 2266 non
1065 2206 1191 2283 potuerit
1216 2223 1302 2265 suam
1330 2224 1397 2265 esse

308 2290 445 2365 probare,
474 2296 607 2350 remanet
629 2308 684 2349 suo
706 2291 771 2351 loco
794 2290 955 2369 possessio:
984 2298 1214 2369 propterquam
1242 2288 1394 2365 causam⁸,

309 2392 376 2433 cum
400 2374 526 2434 obscura
548 2374 607 2436 sint
625 2374 779 2453 utriusque
793 2377 866 2449 iura,
890 2383 993 2436 contra
1006 2376 1160 2454 petitorem
1175 2376 1295 2436 iudicari
1310 2378 1393 2437 solet.

254 2458 290 2511 4⁰
308 2459 366 2521 Sed
389 2459 541 2521 interdicto
565 2461 682 2538 quidem
705 2462 748 2522 uli
770 2462 924 2541 possidetis
939 2462 975 2522 de
990 2462 1072 2522 fundi
1088 2464 1134 2523 vel
1148 2462 1264 2523 aedium
1280 2481 1395 2539 posses·

307 2544 390 2606 sione
417 2547 615 2621 contenditur,
645 2548 744 2609 utrubi
771 2568 840 2610 vero
868 2548 1020 2610 interdicto
1048 2550 1084 2609 de
1112 2568 1210 2609 rerum
1240 2548 1395 2608 mobilium

306 2632 502 2711 possessione.
541 2628 682 2711 ‘quorum
705 2635 748 2695 ris
771 2643 800 2695 et
821 2641 950 2713 potestas
972 2634 1130 2712 plurimam
1153 2634 1229 2694 inter
1255 2653 1287 2695 se
1315 2634 1395 2694 dille·

305 2717 431 2777 rentiam
461 2719 680 2797 apud-veteres
706 2721 848 2781 habebat:
876 2715 963 2780 nam>
992 2721 1033 2780 uti
1060 2720 1214 2797 possidetis
1240 2720 1393 2781 interdicto

305 2803 330 2862 is
352 2803 499 2878 vincebat,
527 2806 577 2882 qui
600 2806 742 2867 interdicti
765 2814 898 2884 tempore
920 2807 1101 2884 possidebat,
1129 2807 1154 2866 si
1176 2806 1265 2867 modo
1287 2805 1393 2866 neeri

305 2907 360 2949 nec
376 2890 451 2950 clam
468 2909 525 2951 nec
539 2892 669 2968 precario
686 2900 811 2953 nanctus
826 2892 921 2952 luerat
935 2893 973 2951 ab
985 2892 1150 2953 adversario
1162 2893 1391 2970 possessionem,

305 2974 420 3036 etiamsi
443 2976 533 3037 alium
557 2977 583 3037 vi
607 2978 749 3055 expulerit
771 2985 822 3039 aut
844 2978 921 3039 clam
944 2978 1101 3056 abripuerit
1123 2979 1250 3039 alienam
1276 2997 1392 3055 posses·

305 3060 419 3122 sionem
442 3069 493 3122 aut
515 3063 646 3140 precario
662 3071 817 3141 rogaverat
832 3064 970 3139 aliquem,
995 3071 1026 3123 ut
1042 3063 1097 3124 sibi
1112 3064 1261 3141 possidere
1275 3064 1390 3126 liceret:

306 3145 424 3207 ‘utrubi
446 3167 515 3209 vero
537 3148 690 3210 interdicto
712 3150 737 3209 is
760 3150 903 3223 vincebat,
926 3149 977 3226 qui
998 3150 1110 3210 maiore
1131 3157 1213 3227 parte
1234 3150 1297 3211 eius
1319 3149 1391 3211 anui

304 3250 359 3293 nec
381 3234 408 3292 vi
432 3252 486 3294 nec
509 3236 585 3295 clam
608 3254 663 3295 nec
684 3236 814 3312 precario
838 3236 875 3295 ab
897 3236 1063 3296 adversario
1078 3237 1254 3313 possidebat.
1287 3232 1391 3296 <hodie

303 3314 418 3379 ‘tamen
435 3320 518 3381 aliter
533 3321 718 3382 observatur:
742 3341 813 3382 nam
828 3322 980 3398 utriusque
995 3322 1138 3383 interdicti
1153 3329 1282 3399 potestas
1297 3340 1390 3397 quan-

303 3400 381 3465 <tum
399 3405 435 3465 ad
459 3406 677 3482 possessionem
700 3408 825 3485 pertinet
847 3416 1009 3483 exaequata
1030 3414 1089 3481 est,
1119 3415 1152 3468 ut
1173 3408 1221 3468 ille
1243 3407 1338 3465 vincat
1360 3413 1390 3466 et

302 3484 350 3559 <in,
371 3510 402 3551 re
425 3491 479 3551 soli
502 3498 530 3553 et
552 3492 581 3551 in
605 3512 637 3553 re
658 3493 769 3565 mobili,
794 3494 843 3571 qui
866 3493 1084 3571 possessiouem
1107 3512 1162 3553 nec
1183 3493 1211 3551 vi
1233 3510 1287 3551 nec
1309 3491 1387 3551 clam

302 3571 373 3636 ‘nec
394 3577 524 3653 precario
548 3579 584 3638 ab
608 3579 774 3640 adversario
794 3580 852 3639 litis
869 3579 1088 3640 contestationis
1103 3586 1235 3655 tempore
1250 3572 1386 3639 detinet.>

268 3666 285 3720 5
306 3656 493 3724 ⁵*P0ssiuere
511 3667 615 3724 'autem
639 3664 751 3726 videtur
768 3666 893 3742 quisque
907 3685 969 3726 non
984 3666 1090 3735 solum,
1114 3664 1139 3723 si
1153 3662 1216 3740 ipse
1231 3663 1387 3741 possideat,

304 3743 370 3809 *sed
392 3754 421 3808 et
443 3748 467 3807 si
490 3749 552 3809 eius
575 3750 696 3812 nomine
719 3751 822 3828 aliquis
845 3751 874 3810 in
899 3750 1084 3828 possessione
1106 3748 1156 3822 sit,
1185 3747 1251 3809 licet
1277 3749 1388 3811 iscius

304 3830 382 3893 *iuri
399 3834 548 3896 subiectus
578 3855 639 3897 non
667 3836 717 3911 sit,
744 3837 839 3914 qualis
866 3844 910 3897 est
936 3838 1058 3896 colonus
1081 3841 1111 3895 ct
1131 3834 1306 3911 inquilinusr
1335 3856 1388 3913 per

373 4002 460 4058 1(ἕατ’.
473 4003 559 4069 4,148
625 4006 756 4073 ²petiton'
773 4006 805 4073 B,
824 4008 940 4074 petitoris
952 4006 983 4068 P,
1002 4006 1161 4072 petiturisli'
1224 4008 1387 4076 ’propterca

301 4072 369 4137 quod
386 4089 437 4124 scr.
509 4074 573 4141 ‘cfl
590 4074 648 4127 eat.
660 4072 686 4140 4,
696 4073 747 4128 150
818 4074 908 4127 ⁸cat.
921 4073 945 4140 4,
958 4072 1006 4127 153
