3309 4917
265 438 304 483 aa
320 438 487 485 rurnsrsro
502 438 700 485 narranurua
785 420 823 481 91
1270 416 1348 481 111‚1

266 570 384 653 obstent
411 612 508 669 neque
534 592 680 669 adgnatos
707 591 826 669 quidem
854 593 932 654 ullus
960 590 1146 653 interveniat:
1165 598 1244 652 -ante
1269 591 1348 651 enirn

266 685 383 757 praetor
411 678 518 739 liberos
546 684 630 739 vocat
663 685 725 739 tam
759 697 829 739 suos
859 678 983 739 heredes
1013 696 1106 754 quarn
1136 676 1346 755 emancipatos,

266 764 371 834 deinde
392 764 539 842 legitimos
561 764 697 839 heredes,
723 764 827 825 deinde
848 764 999 842 proximos
1021 770 1173 841 cognatos.
1217 758 1292 823 ‘Sed
1313 782 1348 823 ea
1367 763 1400 819 14

266 847 382 911 ‘omnia
405 850 568 927 antiquitati
590 850 707 928 quidem
730 852 916 928 placuerunt:
940 851 1069 928 aliquam
1091 858 1190 911 autem
1212 849 1349 909 emenda·

266 933 394 998 ‘tionem
418 956 436 997 a
462 943 564 997 nostra
591 936 819 997 constitutione²
848 943 1036 1015 acceperunt,
1067 956 1158 1013 quam
1187 955 1275 1012 super
1302 935 1349 995 his

266 1019 413 1101 ‘personis
436 1022 606 1106 posuimus,
629 1042 705 1101 quae
727 1042 745 1083 a
766 1022 899 1100 patribus
921 1022 982 1083 suis
1004 1022 1186 1083 naturalibus
1208 1022 1239 1081 in
1261 1022 1351 1099 adop«

265 1106 392 1171 ‘tionem
415 1109 479 1169 aliis
507 1109 626 1172 dantur.
670 1108 836 1170 invenimus
863 1108 972 1169 etenim
997 1108 1158 1168 nonnullos
1186 1127 1287 1181 casus,
1317 1108 1349 1167 in

265 1192 387 1273 ‘quibus
410 1194 461 1256 filii
483 1202 511 1255 et
530 1195 709 1256 naturalium
724 1201 881 1273 parentum
896 1193 1113 1255 successionem
1127 1200 1246 1271 propter
1260 1194 1348 1272 adop·

264 1276 392 1342 ‘tionem
423 1280 597 1343 amittebant
630 1289 658 1343 et
691 1281 849 1359 adoptione
881 1280 965 1342 facile
997 1298 1049 1357 per
1081 1279 1348 1357 emancipationem

265 1362 377 1428 ‘soluta
400 1368 436 1428 ad
460 1366 592 1428 neutrius
614 1367 704 1445 patris
726 1367 943 1428 successionem
958 1366 1148 1427 vocabantur·
1182 1364 1240 1426 hoc
1262 1366 1348 1427 solito

265 1450 365 1515 ‘more
388 1453 567 1531 corrigentes
590 1453 827 1523 constitutionem
852 1452 1035 1530 scripsimuS,
1063 1470 1115 1529 per
1137 1470 1227 1528 quam
1249 1451 1348 1511 defini·

265 1535 389 1614 ‘vimus‚
418 1540 537 1617 quando
553 1544 666 1618 'parens
688 1539 831 1601 naturalis
851 1538 944 1599 filium
966 1557 1054 1599 suum
1076 1536 1278 1615 adoptandum
1300 1537 1348 1597 alii

265 1621 398 1699 ‘dederit
423 1626 539 1704 integra
561 1626 662 1687 omnia
683 1626 747 1686 iura
770 1624 809 1686 ita
831 1624 949 1699 servari,
972 1631 1059 1701 atque
1073 1623 1098 1684 si
1112 1623 1144 1684 in
1159 1624 1250 1702 patris
1264 1630 1348 1685 natu·

265 1708 348 1772 ‘ralis
371 1719 515 1789 potestate
541 1710 753 1791 permansisset
769 1730 834 1785 ‘nec
860 1711 979 1789 penitus
1005 1710 1121 1788 adoptio
1151 1707 1258 1770 fuerit²
1281 1710 1348 1770 sub·

264 1792 394 1858 ‘secutae
424 1798 481 1857 nisi
504 1798 535 1858 in
557 1798 614 1859 hoo
636 1797 842 1859 tantummodo
865 1816 949 1871 casu,
976 1804 1010 1857 ut
1035 1797 1128 1874 possit
1150 1798 1188 1857 ab
1210 1796 1348 1857 intestato

265 1879 317 1944 ‘ad
340 1884 432 1960 patris
456 1883 583 1960 adoptivi
605 1883 704 1943 venire
726 1882 955 1945 successionem.
991 1889 1166 1943 testamento
1189 1889 1288 1942 autern
1310 1882 1348 1941 ab

264 1964 315 2029 ‘eo
337 1969 414 2029 facto
437 1988 534 2047 neque
555 1968 619 2029 iure
641 1968 716 2030 ciiili
738 1964 834 2046 neque
855 1968 999 2045 praetorio
1015 1967 1124 2044 aliquid
1139 1986 1175 2028 ex
1189 1968 1349 2029 hereditate

264 2050 342 2115 ‘eius
365 2054 501 2133 persequi
524 2061 619 2133 potest
640 2074 736 2132 neque
752 2061 855 2117 contra
869 2055 985 2127 tabulas
999 2055 1144 2115 bonorum
1161 2054 1349 2131 possessione

264 2136 379 2219 ‘agnita
403 2161 499 2219 neque
521 2140 674 2203 inofficiosi
696 2140 826 2219 querella
848 2138 994 2213 instituta,
1018 2157 1086 2201 cum
1108 2159 1163 2200 nec
1188 2139 1348 2201 necessitas

263 2222 352 2306 ‘patri
375 2227 512 2306 adoptivo
534 2227 696 2307 imponitur
717 2228 762 2289 vel
791 2226 930 2289 heredem
954 2224 1026 2288 eum
1053 2224 1204 2287 instituere
1225 2225 1272 2287 vel
1301 2245 1349 2286 ex·

262 2308 450 2376 ‘heredatum
482 2314 579 2376 iacere
612 2321 713 2393 utpote
743 2314 825 2374 nullo
859 2313 986 2374 naturali
1018 2312 1136 2374 vinculo
1168 2313 1347 2391 copulatum.

263 2396 373 2476 ‘neque
403 2400 427 2460 si
456 2420 493 2461 ex
522 2398 682 2461 Afiniano³
712 2406 833 2461 senatus
861 2400 996 2460 consulto
1026 2417 1063 2460 ex
1092 2397 1186 2459 tribus
1215 2399 1349 2459 maribus

263 2481 366 2546 ‘fuerit
387 2487 558 2565 adoptatus:
587 2504 658 2547 narn
682 2493 713 2546 et
732 2486 763 2546 in
785 2485 954 2546 huiusmodi
976 2504 1048 2546 casu
1069 2504 1166 2562 neque
1188 2491 1293 2562 quarta
1322 2483 1349 2545 ei

263 2567 412 2633 ‘servatur
423 2592 478 2634 nec
494 2574 556 2633 ulla
569 2572 644 2633 actio
659 2573 697 2633 ad
712 2571 774 2632 eius
788 2571 1023 2649 persecutionem
1037 2570 1064 2632 ei
1075 2572 1222 2649 competit.
1245 2576 1349 2631 nostra

262 2653 378 2719 ‘autem
407 2658 615 2720 constitutione
640 2664 779 2735 exceptus
806 2664 852 2717 est
878 2656 917 2731 is,
952 2676 1041 2734 quem
1069 2676 1177 2735 parens
1204 2656 1348 2717 naturalis

263 2739 480 2821 ‘adoptandum
503 2744 678 2822 susceperit:
701 2750 826 2819 utroque
847 2743 928 2804 euim
950 2743 1012 2805 iure
1033 2749 1096 2803 tam
1115 2742 1242 2804 naturali
1257 2759 1348 2819 quam

262 2825 408 2907 ‘legitimo
437 2830 468 2890 in
499 2831 578 2892 hanc
609 2827 790 2908 personam4
820 2835 1014 2891 concurrente
1045 2828 1169 2907 pristina
1200 2828 1264 2889 iura
1295 2828 1347 2888 tali

263 2910 448 2992 ‘adoptioni⁵
479 2914 673 2995 servavimus,
701 2915 952 2993 quemadmodum
979 2914 1004 2975 si
1031 2921 1114 2992 pater
1135 2914 1261 2975 familias
1282 2932 1348 2975 sese

263 2996 387 3061 ‘dederit
402 3001 617 3079 adrogandum.
651 3018 727 3078 quae
742 3000 905 3077 specialiter
919 3009 948 3062 et
962 3000 1133 3079 singillatim
1148 3019 1185 3060 ex
1199 3001 1348 3078 praelatae

263 3082 496 3149 ‘constitutionis
518 3094 620 3148 tenore
641 3094 767 3166 possunt
788 3082 912 3164 colligi.>

326 3168 414 3233 ‘ltem
438 3180 567 3235 vetustas
588 3193 625 3234 ex
653 3172 793 3235 masculis
819 3172 990 3251 progenitos
1017 3172 1084 3250 plus
1110 3171 1235 3251 diligens
1266 3172 1345 3233 solos
1365 3180 1398 3234 15

262 3256 400 3337 ‘nepotes
422 3261 467 3320 rel
489 3266 602 3338 neptes,
626 3258 676 3337 qui
698 3278 734 3321 ex
755 3258 828 3320 virili
849 3277 922 3320 sexu
944 3258 1139 3333 descendunt,
1163 3258 1201 3319 ad
1223 3276 1345 3319 suorum

263 3342 400 3415 ‘vocabat
420 3330 647 3407 ‘successionem
678 3353 706 3407 et
735 3345 791 3406 iuri
819 3346 1017 3425 adgnatorum
1047 3364 1098 3405 eos
1132 3344 1345 3422 anteponebat:

262 3428 399 3509 ‘nepotes
415 3439 523 3507 autem,
547 3431 598 3510 qui
613 3451 648 3493 ex
663 3432 779 3493 filiabus
795 3431 856 3493 nati
871 3439 950 3506 sunt,
968 3439 996 3492 et
1011 3438 1186 3510 pronepotes
1201 3450 1237 3492 ex
1253 3431 1346 3509 nepti-

262 3514 333 3578 ‘bus
355 3526 552 3596 cognatorum
574 3519 639 3579 loco
661 3537 822 3579 numerans
845 3525 912 3595 post
933 3519 1131 3597 adgnatorum
1157 3518 1267 3579 lineam
1294 3534 1350 3578 eos

262 3598 401 3665 ‘vocabat
423 3612 485 3665 tarn
507 3604 538 3665 in
561 3604 607 3666 ari
629 3605 674 3665 vel
696 3603 797 3682 proavi
818 3604 945 3665 materni
966 3623 1057 3681 quam
1076 3603 1107 3663 in
1123 3604 1204 3665 aviae
1219 3605 1265 3664 vel
1280 3623 1345 3681 pro·

262 3685 359 3751 ‘aviae
381 3691 443 3763 sive
464 3699 605 3769 paternae
628 3690 688 3751 sire
709 3698 861 3751 maternae
889 3690 1115 3751 successionem.
1161 3690 1218 3753 divi
1245 3698 1345 3751 autem

261 3771 446 3856 ‘principes⁶
468 3796 528 3837 non
552 3777 632 3855 passi
655 3785 724 3837 sunt
747 3778 835 3837 talem
858 3783 961 3838 contra
975 3783 1113 3837 naturam
1128 3775 1266 3837 iniuriam
1281 3776 1346 3837 sine

261 3857 453 3940 ‘competenti
476 3863 682 3924 emendatione
704 3863 884 3941 relinquere:
914 3862 966 3923 sed
992 3882 1060 3923 cum
1073 3863 1201 3941 nepotis
1228 3868 1257 3923 et
1280 3881 1345 3939 pro·

333 3999 342 4031 ¹
368 3998 429 4051 Ood.
446 3994 528 4067 8,47,
544 3994 579 4053 10
654 3998 722 4051 ²aic
750 3998 884 4063 Dinerat
905 3997 931 4049 B
1014 3995 1169 4065 ⁸afinian0]
1192 3994 1218 4049 B
1240 3993 1345 4050 Occi&

261 4064 301 4135 (τὸ
317 4069 468 4121 Afinianion
487 4064 590 4136 δόγμα),
608 4068 756 4120 alabiniano
775 4068 810 4130 W,
829 4068 969 4135 papiniano
981 4065 1014 4133 E,
1032 4068 1165 4119 sabiniano
1181 4064 1226 4117 ΊΌ
1285 4066 1345 4118 ‘ric

260 4138 293 4203 B,
312 4138 360 4190 hac
377 4153 487 4205 persona
508 4137 554 4189 Tc
612 4137 676 4189 ‘aie
693 4137 719 4189 P
734 4154 791 4189 cum
806 4134 838 4203 θ,
856 4137 993 4203 adoptione
1009 4135 1083 4189 Bw
1142 4134 1231 4188 ⁶00d.
1240 4130 1265 4202 6,
1276 4132 1346 4199 55,9
