3309 4917
813 453 855 512 54
1123 469 1162 513 nn
1178 469 1383 515 rnsrnururrs

847 683 858 722 1

548 783 596 836 DE
614 683 871 837 ΤΕΒΤΔΜΕΝΤΙΒ
889 781 1125 838 ORDINANDIS.

356 899 580 959 Testamentum
603 918 640 958 ex
663 917 697 958 eo
720 899 893 975 appellatur,
917 897 996 975 quod
1019 896 1134 958 testatio
1157 897 1264 958 mentis
1288 905 1340 960 est.

258 991 272 1047 1
356 981 430 1046 ‘Sed
453 991 485 1044 ut
508 984 580 1043 nihil
610 984 790 1060 antiquitatis
818 985 935 1062 penitus
964 984 1127 1060 ignoretur,
1160 983 1312 1044 sciendum
1335 993 1381 1045 est

291 1067 377 1132 ‘olim
393 1071 512 1148 quidem
535 1070 593 1130 duo
615 1089 725 1146 genera
741 1077 986 1130 testamentorum
1007 1070 1039 1130 in
1057 1089 1112 1130 usu
1128 1068 1228 1142 ruisse,
1252 1089 1379 1146 quorum

292 1152 398 1218 ‘altero
421 1158 452 1216 in
475 1176 546 1233 pace
568 1164 597 1217 et
618 1156 649 1214 in
665 1155 724 1216 otio
739 1158 906 1228 utebantur,
930 1155 1009 1232 quod
1025 1156 1125 1217 calatis
1141 1155 1266 1215 comitiis
1282 1159 1378 1234 appel-

292 1239 453 1315 ‘tabatur²,
477 1245 582 1314 altero,
606 1260 674 1302 cum
697 1242 727 1301 in
751 1239 915 1319 proelium³
944 1241 1048 1302 exituri
1070 1248 1182 1313 essent,
1213 1243 1291 1318 quod
1315 1261 1379 1319 pro·

292 1325 459 1389 ‘cinctum‘
481 1328 639 1389 dicebatur.
679 1328 800 1388 accessit
827 1328 932 1388 deinde
957 1328 1076 1388 tertium
1104 1347 1200 1404 genus
1223 1334 1380 1388 testamen·

292 1411 419 1488 ‘torum,
448 1415 527 1491 quod
554 1414 704 1475 dicebatur
730 1434 782 1491 per
809 1433 859 1474 aes
889 1422 917 1475 et
943 1413 1065 1487 libram,
1099 1414 1206 1474 scilicet
1231 1413 1301 1490 quia
1328 1435 1380 1492 per

292 1497 585 1578 ‘emancipationem
617 1501 645 1559 id
677 1505 722 1559 est
753 1499 960 1577 imaginariam
989 1500 1139 1576 quandam
1172 1500 1378 1574 venditionem,

292 1583 448 1663 ‘agebatur
470 1587 601 1662 quinque
623 1585 746 1646 testibus
769 1593 797 1646 et
818 1586 979 1663 libripende
1001 1585 1112 1646 civibus
1127 1585 1271 1646 Romanis
1290 1588 1379 1664 pube

292 1669 389 1732 ‘ribus
413 1673 618 1750 praesentibus
645 1679 673 1732 et
700 1691 735 1732 eo
762 1671 812 1748 qui
835 1672 962 1732 familiae
984 1679 1100 1749 emptor
1122 1672 1281 1733 dicebatur.
1327 1673 1379 1733 sed

291 1755 356 1818 ‘illa
382 1758 500 1834 quidem
533 1759 630 1835 priora
660 1758 718 1818 duo
752 1777 863 1834 genera
891 1763 1133 1818 testamentorum
1166 1775 1202 1817 ex
1233 1758 1378 1818 veteribus

292 1840 490 1921 ‘temporibus
516 1844 547 1903 in
577 1843 799 1905 desuetudinem
826 1843 978 1905 abierunt:
1007 1844 1085 1920 quod
1109 1862 1177 1904 vero
1204 1862 1255 1920 per
1278 1863 1327 1903 aes
1350 1852 1379 1904 ct

292 1925 413 1990 ‘libram
437 1931 537 2004 tiebat,
562 1930 629 1991 licet
651 1930 758 1990 diutius
781 1931 956 2006 permansit,
988 1938 1118 1990 attamen
1141 1929 1247 2007 partim
1270 1937 1299 1989 et
1322 1931 1379 1991 hoo

257 2011 337 2075 2‘in
367 2036 422 2076 usu
451 2035 516 2077 esse
543 2017 634 2078 desiit.
681 2017 738 2076 Sed
765 2017 913 2093 praedicta
935 2017 1053 2094 quidem
1076 2015 1199 2075 nomina
1221 2022 1377 2076 testamen·

291 2097 404 2163 ‘torum
427 2104 464 2162 ad
486 2103 532 2162 ius
554 2103 635 2163 civile
656 2103 866 2163 referebantur.
904 2109 1006 2178 postea
1028 2121 1096 2162 vero
1120 2121 1156 2160 ex
1179 2101 1271 2162 edicto
1298 2121 1378 2178 prae

291 2183 377 2248 ‘toris
398 2189 455 2248 alia
469 2188 565 2248 torma
579 2188 780 2249 faciendorum
795 2195 1040 2248 testamentorum
1055 2187 1220 2247 introducta
1236 2194 1292 2248 est:
1316 2187 1378 2248 iure

291 2269 386 2334 ‘enim
408 2267 565 2334 honorario
589 2275 672 2334 nulla
687 2272 903 2350 emancipatio⁵
924 2273 1143 2334 desiderabatur
1151 2271 1173 2347 ⁸,
1198 2275 1248 2333 sed
1265 2281 1378 2350 septem

291 2356 425 2420 ‘testium
453 2361 539 2437 signa
566 2360 762 2433 sufficiebant,
794 2378 862 2420 cum
885 2359 947 2420 iure
969 2359 1044 2419 civili
1066 2359 1153 2436 signa
1174 2359 1293 2420 testium
1315 2379 1376 2420 non

257 2441 391 2507 3‘erant
413 2446 587 2506 necessaria.
633 2445 691 2507 Sed
720 2465 788 2506 cum
816 2446 959 2524 paulatim
988 2453 1049 2506 tam
1078 2464 1114 2506 ex
1144 2465 1199 2505 usu
1222 2445 1377 2505 hominum

259 2593 262 2600 ,
291 2527 398 2608 ‘quam
421 2552 456 2592 ex
480 2532 722 2593 constitutionum
750 2531 1005 2593 emendationibus
1028 2532 1121 2609 coepit
1144 2531 1173 2591 in
1196 2551 1288 2592 unam
1312 2550 1380 2592 con·

292 2613 473 2677 ‘sonantiam
497 2618 542 2677 ius
564 2618 646 2678 civile
673 2625 702 2677 et
724 2618 903 2695 praetorium
925 2617 1024 2696 iungi,
1055 2618 1246 2678 constitutum
1270 2625 1323 2689 est,
1341 2624 1380 2678 ut

291 2697 367 2765 ‘uno
383 2702 565 2780 eodemque⁷
580 2711 721 2781 tempore,
745 2704 824 2781 quod
840 2704 886 2764 ius
902 2704 983 2764 civile
998 2703 1217 2781 quodammodo
1233 2703 1377 2780 exigebat,

291 2785 419 2868 ‘septem
450 2791 574 2850 testibus
604 2788 741 2850 adhibitis
771 2798 799 2850 et
829 2789 1041 2868 subscriptione
1068 2789 1200 2863 testium,
1236 2791 1315 2865 quod
1343 2808 1380 2849 ex

292 2871 564 2937 ‘constitutionibus
586 2877 739 2937 inventum
762 2883 816 2949 est,
840 2882 868 2937 et
890 2897 926 2937 ex
949 2876 1041 2936 edicto
1065 2876 1205 2953 praetoris
1227 2875 1380 2952 signacula

292 2958 490 3022 ‘testamentis
513 2963 748 3040 imponerentur:
772 2969 805 3023 ut
827 2962 884 3023 hoc
906 2962 951 3022 ius
967 2963 1143 3038 tripertitum
1159 2981 1223 3022 esse
1239 2962 1378 3034 videatur,

292 3044 340 3108 ‘ut
363 3056 450 3109 testes
472 3049 591 3125 quidem
613 3058 642 3110 et
665 3069 768 3110 eorum
790 3048 955 3126 praesentia
977 3067 1037 3109 uno
1059 3054 1197 3109 contextu
1213 3047 1380 3107 testamenti

292 3130 475 3194 ‘celebrandi
498 3134 612 3209 gratia⁸
635 3133 673 3195 a⁹
695 3136 758 3196 iure
786 3135 860 3196 civiti
889 3133 1115 3207 descendantw,
1148 3133 1379 3210 subscriptiones

292 3214 408 3278 ‘autem
430 3221 576 3280 testatoris
601 3228 630 3281 et
651 3221 770 3281 testium
793 3241 828 3280 ex
852 3239 1003 3280 sacrarum
1023 3219 1264 3281 constitutionum
1281 3220 1379 3278 obser·

292 3299 423 3366 ‘vatione
445 3305 651 3378 adhibeantur,
682 3307 836 3383 signacula
864 3311 961 3366 autem
985 3314 1014 3366 et
1036 3318 1178 3366 numerus
1200 3304 1318 3364 testium
1342 3323 1379 3363 ex

256 3392 275 3445 4
292 3386 401 3450 ‘edicto
417 3392 568 3468 praetoris.
615 3391 672 3452 Sed
694 3392 741 3451 his
757 3392 897 3452 omnibus
919 3390 994 3453 ex²¹
1017 3400 1118 3454 nostra
1134 3390 1340 3451 constitutione
1349 3387 1378 3426 ²²

118 3485 145 3550 Ι·
179 3509 188 3524 ·
292 3471 426 3552 ‘propter
448 3484 692 3538 testamentorum
715 3478 920 3551 sinceritatem,
944 3485 977 3538 ut
1000 3480 1080 3538 nulla
1100 3479 1180 3538 fraus
1196 3475 1377 3549 adhibeatur,

293 3555 365 3619 ‘hoc
388 3562 520 3621 additum
542 3570 595 3636 est,
619 3571 652 3623 ut
674 3583 726 3642 per
747 3583 872 3624 manum
895 3565 1041 3625 testatoris
1065 3566 1110 3626 vel
1133 3565 1252 3625 testium
1268 3583 1379 3624 nomen

292 3641 422 3706 ‘heredis
454 3648 634 3725 exprimatur
663 3658 692 3710 et
723 3650 823 3710 omnia
857 3649 1020 3710 secundum
1054 3651 1130 3711 illius
1164 3649 1380 3711 constitutionis

291 3727 440 3792 ‘tenorem
463 3730 646 3810 procedant.>

292 3891 297 3945 J
364 3885 433 3953 ¹Of.
447 3887 507 3938 dai.
519 3885 543 3950 2,
556 3885 698 3942 101..108.
712 3887 762 3941 119
776 3889 835 3957 D»,
848 3885 915 3952 28,1
931 3889 992 3942 Ood.
1005 3887 1028 3953 6,
1039 3886 1073 3940 23
1140 3889 1204 3940 ²nic
1221 3886 1277 3954 ΤΘ,
1295 3887 1382 3954 appel-

293 3956 420 4006 labantB
484 3955 549 4008 ⁸cic
567 3957 595 4020 T,
613 3958 746 4024 proelioB
811 3959 875 4008 ‘aio
893 3955 947 4024 ΤΘ,
965 3957 1137 4026 procinctuB
1200 3953 1381 4021 δεἱσΒΤὸΘ,

293 4026 448 4091 mancipatio
473 4025 511 4074 Ta
583 4026 648 4078 ⁰ric
665 4024 719 4092 ΤΘ,
737 4028 896 4079 desideratur
910 4026 935 4077 Β
1006 4024 1184 4092 ⁷eodemque]
1203 4023 1258 4092 ΤΘ,
1276 4044 1306 4078 eo
1325 4027 1381 4092 qui·

292 4093 388 4143 demB
449 4095 626 4147 ⁸celebrandi
637 4092 730 4162 gratia]
750 4097 777 4159 Τ,
795 4096 986 4148 celebranch
1055 4098 1164 4149 ⁹aom.
1178 4097 1234 4146 ΒΤ
1299 4097 1321 4128 ²⁰
1340 4097 1383 4148 de-

292 4163 398 4214 scendat
415 4163 471 4214 ΒΤ
537 4162 733 4233 11θι]ΤΘ,ει
750 4164 776 4214 B
849 4165 871 4195 ¹²
892 4165 953 4218 uod.
972 4165 996 4232 6,
1006 4163 1048 4230 23,
1057 4163 1092 4218 29
