3309 4917
257 435 595 499 ercanrrmrrcrvnr
787 419 811 486 ;7
1291 412 1345 480 122

260 589 430 672 ἄγραφοιῑ.
468 589 616 668 Scriptum
638 590 684 651 ius
707 598 751 652 est
765 592 812 653 lex
820 589 844 664 ²,
867 589 1041 668 plebiscita,
1065 588 1344 662 senatusconsulta,

259 675 425 754 principum
448 677 569 755 placita,
597 678 826 755 magistratuum
850 677 955 750 edicta,
984 695 1126 753 responsa
1148 673 1345 752 prudentium.

259 762 322 844 lex
350 769 407 837 est,
438 763 517 840 quod
539 764 665 840 populus
687 762 842 824 Romanus
870 770 1005 824 senatore
1028 761 1203 839 magistratu
1225 760 1381 822 interro-4

262 855 362 928 ganta,
386 849 475 910 veluti
490 851 621 923 consule,
645 849 850 911 constituebat.
874 849 951 927 plebi
966 849 1070 910 scitum
1091 856 1145 922 est,
1169 847 1248 924 quod
1263 847 1347 924 plebs

261 934 374 1012 plebeio
403 935 580 1013 magistratu
610 935 837 1013 interrogante,
857 935 944 996 veluti
974 934 1107 1007 tribuno,
1142 932 1346 994 constituebat.

263 1018 365 1098 ³plebs
387 1028 486 1083 autem
510 1041 527 1082 a
549 1022 658 1099 populo
681 1040 716 1082 eo
738 1021 842 1094 differt,
866 1040 925 1098 quo
948 1021 1060 1100 species
1082 1040 1100 1081 a
1122 1039 1245 1099 genere:
1274 1037 1347 1079 nam
1426 1046 1435 1060 ·

261 1107 455 1186 appellatione
488 1107 588 1186 populi
620 1107 750 1168 universi
782 1107 860 1168 cives
893 1107 1096 1186 significantur
1129 1104 1348 1167 connumeratis

262 1193 351 1276 etiam
374 1193 501 1271 patriciis
528 1201 556 1254 et
583 1194 782 1254 senatoribusr
819 1194 912 1271 plebis
940 1200 1039 1254 autem
1067 1192 1261 1271 appellatione
1285 1190 1348 1253 siue

263 1279 389 1357 patriciis
418 1287 448 1341 et
470 1279 655 1340 senatoribus
683 1279 769 1341 ceteri
796 1280 872 1340 cives
895 1279 1107 1356 significantur.
1145 1279 1197 1339 sed
1219 1284 1249 1340 et
1271 1277 1349 1355 plebi

263 1365 335 1426 scita
357 1366 424 1444 lege
446 1365 606 1426 Hortensia
627 1366 687 1426 lata
709 1384 770 1426 non
793 1367 893 1427 minus
916 1366 1011 1426 valere
1033 1384 1122 1442 quam
1145 1365 1226 1441 leges
1248 1383 1348 1441 coepe·

261 1459 341 1512 runt.
378 1448 542 1514 “Senatus
565 1452 732 1513 consultum
755 1460 809 1527 est,
833 1452 912 1530 quod
928 1458 1048 1512 senatus
1070 1451 1149 1512 iubet
1171 1458 1258 1527 atque
1281 1459 1383 1514 con-5

264 1534 397 1599 *stituitd
422 1558 493 1606 nam
509 1557 576 1599 cum
593 1544 697 1598 auctus
712 1546 757 1599 est
772 1540 898 1617 populus
914 1537 1069 1598 Romanus
1083 1537 1115 1597 in
1130 1556 1198 1597 eum
1213 1533 1347 1609 modurn,

261 1630 297 1703 ut
312 1623 428 1686 difficile
450 1624 488 1685 sit
509 1625 539 1685 in
562 1643 656 1684 unum
680 1644 749 1685 eum
772 1643 934 1686 convocare
955 1624 1028 1700 legis
1050 1623 1226 1684 sanciendae
1248 1641 1347 1696 causa,

262 1728 390 1786 aequum
405 1711 501 1771 visum
525 1717 569 1771 est
591 1717 729 1770 senatum
751 1710 812 1771 vice
834 1711 933 1789 populi
956 1710 1078 1772 consuli.
1120 1709 1196 1772 ⁵Sed
1218 1715 1247 1770 et
1269 1708 1348 1786 quod
1366 1719 1383 1774 6

190 1869 193 1874 Ι
262 1795 384 1874 principi
408 1796 524 1875 placuit,
548 1796 622 1874 legis
644 1796 734 1857 habet
755 1798 898 1875 vigorem,
922 1816 990 1858 curn
1013 1797 1079 1875 lege
1101 1796 1191 1874 regia,
1216 1795 1350 1874 quaeda

262 1881 385 1960 imperio
416 1883 479 1943 eius
500 1883 560 1942 lata
589 1888 646 1954 est,
676 1883 802 1960 populus
824 1883 851 1944 ei
880 1890 908 1944 et
929 1883 959 1944 in
983 1902 1050 1943 eum
1074 1901 1163 1944 omne
1185 1900 1274 1943 suum
1296 1881 1349 1941 im·

263 1967 378 2044 perium
401 1974 430 2028 et
452 1974 627 2045 potestatem
642 1963 827 2029 ‘concessit'.
854 1969 1061 2046 quodcumque
1082 1969 1170 2045 igitur
1191 1969 1351 2045 imperator

264 2071 316 2130 per
351 2052 506 2130 epistulam
540 2053 690 2114 constituit
723 2055 768 2114 vel
802 2073 984 2130 cognoscens
1017 2054 1143 2115 decrevit
1175 2055 1221 2114 vel
1256 2053 1349 2115 edicto

263 2138 418 2216 praecepit,
442 2139 539 2218 legem
563 2158 628 2201 esse
651 2146 780 2202 constat:
814 2138 911 2202 baec⁰
926 2147 1005 2214 sunt,
1029 2160 1105 2218 quae
1127 2139 1350 2202 constitutiones

264 2226 457 2303 appellantur.
493 2227 579 2304 plane
601 2245 637 2286 ex
660 2226 706 2288 his
728 2227 872 2304 quaedam
897 2235 966 2289 sunt
989 2227 1168 2306 personales
1198 2244 1273 2303 quae
1295 2244 1350 2287 nec

264 2312 300 2372 ad
318 2313 485 2391 exemplum
501 2314 669 2385 trahuntur,
692 2308 847 2391 ‘quoniam
869 2333 929 2374 non
947 2314 1003 2374 hoo
1018 2313 1153 2391 princeps
1169 2308 1255 2374 vult':
1278 2331 1350 2372 nam

265 2399 343 2475 quod
367 2398 452 2460 alicui
475 2400 513 2460 ob
536 2399 642 2459 merita
656 2399 785 2472 indulsit,
809 2400 854 2460 vel
877 2399 900 2459 si
923 2399 968 2462 cui
985 2418 1110 2478 poenam
1133 2397 1281 2476 irrogavit,
1305 2395 1348 2459 vel
1377 2461 1378 2466 ,

265 2484 289 2544 si
317 2484 364 2545 cui
393 2485 456 2546 sine
479 2485 613 2563 exemplo
636 2485 784 2564 subvenit,
814 2503 973 2563 personam
1002 2505 1062 2545 non
1086 2485 1241 2561 egreditur.
1275 2481 1350 2546 aliae

260 2578 372 2646 autern,
398 2591 466 2632 cum
490 2572 642 2650 generales
665 2579 743 2645 sunt,
766 2590 872 2632 omnes
895 2572 995 2650 procul
1012 2571 1100 2632 dubio
1115 2577 1226 2632 tenent.
1263 2568 1383 2634 Prae-a

264 2663 361 2734 torum
378 2676 496 2735 quoque
519 2657 613 2718 edicta
634 2676 694 2718 non
717 2657 866 2718 modicam
888 2657 959 2718 iuris
981 2657 1114 2735 optinent
1136 2655 1348 2718 auctoritatem.

262 2743 336 2804 haec
356 2744 443 2805 etiam
467 2743 513 2804 ius
528 2743 721 2804 honorarium
736 2744 866 2806 solemus
882 2745 1037 2821 appellare,
1061 2743 1139 2820 quod
1154 2742 1205 2820 qui
1219 2742 1349 2802 honores
1373 2809 1375 2818 .

264 2836 384 2906 gerunt,
414 2830 443 2889 id
473 2838 522 2890 est
547 2829 751 2905 magistratus,
783 2829 985 2890 auctoritatem
1016 2829 1084 2890 huic
1112 2827 1168 2889 iuri
1195 2827 1348 2888 dederunt.
1379 2827 1381 2832 ’

264 2915 470 2990 proponebant
492 2921 521 2974 et
543 2915 651 2974 aediles
674 2915 790 2974 curules
812 2915 939 2975 edictum
963 2916 999 2974 de
1021 2914 1197 2990 quibusdam
1221 2911 1347 2986 casibus,

263 2998 342 3075 quod
359 2998 486 3058 edictum
502 2999 572 3058 iuris
587 2999 737 3059 honorarii
751 2999 846 3076 portio
862 3007 914 3061 est.
955 2997 1145 3077 ⁷*Responsa
1160 2997 1349 3075 prudentium
1366 3007 1383 3063 8

261 3079 350 3144 *sunt
373 3085 535 3146 sententiae
558 3092 586 3145 et
609 3084 761 3162 opiniones
784 3104 897 3158 eorum,
921 3085 1027 3161 quibus
1049 3083 1228 3162 permissum
1239 3078 1331 3144 ‘erat'
1337 3082 1350 3122 ⁸

261 3167 341 3232 *iura
364 3167 536 3232 coudere⁹.⁴
566 3190 637 3231 nam
660 3169 820 3248 antiquitus
843 3170 1009 3245 institutum
1031 3177 1101 3244 erat,
1125 3177 1158 3231 ut
1180 3177 1277 3232 essent
1299 3169 1350 3248 qui

260 3257 326 3319 iura
343 3257 458 3337 publice
479 3257 748 3336 interpretarentur,
773 3257 880 3335 quibus
902 3255 1061 3318 aCaesare
1083 3257 1129 3318 ius
1153 3256 1350 3335 respondendi

261 3343 362 3404 datum
391 3351 449 3418 est,
479 3345 530 3422 qui
558 3344 629 3405 iuris
652 3343 778 3405 consulti
799 3345 1032 3422 appellabantur.
1064 3363 1190 3421 quorum
1215 3343 1349 3404 omnium

262 3430 425 3491 sententiae
446 3437 474 3491 et
497 3431 651 3508 opiniones
673 3449 737 3491 eam
755 3431 958 3491 auctoritatem
973 3437 1083 3502 tenent,
1106 3437 1139 3490 ut
1161 3429 1249 3490 iudici
1271 3448 1349 3490 rece·

211 3523 213 3527 ’
262 3515 331 3576 dere
353 3534 529 3594 aresponso
551 3535 654 3578 eorum
677 3536 737 3576 non
752 3517 848 3591 liceat,
871 3524 904 3577 ut
926 3524 970 3578 est
985 3516 1186 3578 constitutum.
1220 3515 1265 3576 Ex
1286 3526 1384 3583 nona

261 3602 369 3680 scripto
392 3602 438 3663 ius
461 3604 548 3676 venit,
573 3603 652 3679 quod
673 3603 978 3680 usus-comprobavit.
1005 3622 1075 3663 nam
1100 3601 1228 3663 diuturni
1250 3620 1349 3663 mores

262 3707 409 3750 consensu
436 3689 582 3750 utentium
610 3689 792 3766 comprobati
818 3690 915 3766 legem
945 3688 1107 3752 imitantur.
1155 3688 1192 3748 Et
1217 3706 1279 3749 non
1306 3688 1348 3749 in·
1366 3696 1401 3754 10

260 3775 411 3852 eleganter
438 3775 569 3836 induas
598 3777 709 3854 species
735 3775 782 3836 ius
803 3775 886 3836 civile
908 3775 1096 3836 distributum
1115 3773 1236 3836 videtur.
1275 3792 1347 3834 nam

263 3953 266 3958 ·
313 3929 390 3981 '¹r'd
407 3931 542 3996 eatlegum
554 3929 1009 3997 aliaaacriptacaliaononacriptao
1080 3924 1348 3994 ¹101]PE6,1002

261 3993 312 4050 AB
383 3998 597 4066 ’plebaceaeri
615 4000 724 4051 circesi
762 3999 882 4050 'ficantur
898 3998 975 4049 aima'd
990 3994 1122 4060 aeto-ts
1192 3997 1204 4028 ⁴
1225 3995 1282 4047 aaa.
1298 3945 1349 4060 fi4

261 4064 383 4128 ‚⁸§6cx
406 4067 465 4135 Ulp.
484 4069 501 4120 l.
521 4066 534 4119 1
553 4069 612 4119 inat.
631 4067 701 4134 (Dip.
738 4065 817 4130 ,4,1)
855 4105 856 4110 ¹
889 4063 1351 4133 'baec]ABDi9.‚hacV,boaP

261 4136 352 4190 'Gai
372 4135 421 4200 1‚t
470 4169 472 4174 -
494 4133 586 4203 ⁸orat]
601 4135 682 4201 VAP,
696 4145 739 4188 cat
756 4135 782 4186 B
801 4136 861 4188 aaa
932 4136 942 4167 ⁸
961 4135 1099 4188 concedere
1113 4133 1162 4185 VP
