<?xml version="1.0" encoding="UTF-8"?>
<!DOCTYPE html PUBLIC "-//W3C//DTD XHTML 1.0 Transitional//EN"
    "http://www.w3.org/TR/xhtml1/DTD/xhtml1-transitional.dtd">
<html xmlns="http://www.w3.org/1999/xhtml" xml:lang="en" lang="en">
 <head>
  <title>
</title>
<meta http-equiv="Content-Type" content="text/html;charset=utf-8" />
  <meta name='ocr-system' content='tesseract 3.04.00' />
  <meta name='ocr-capabilities' content='ocr_page ocr_carea ocr_par ocr_line ocrx_word'/>
</head>
<body>
  <div class='ocr_page' id='page_1' title='image "./iustinianiinsti00kruegoog_0145.png"; bbox 0 0 3309 4917; ppageno 0'>
   <div class='ocr_carea' id='block_1_1' title="bbox 263 420 1354 525">
    <p class='ocr_par' dir='ltr' id='par_1_1' title="bbox 263 420 1354 525">
     <span class='ocr_line' id='line_1_1' title="bbox 263 420 1354 525; baseline -0.005 -32"><span class='ocrx_word' id='word_1_1' title='bbox 263 444 426 493; x_wconf 71' lang='lat' dir='ltr'>onerosum</span> <span class='ocrx_word' id='word_1_2' title='bbox 441 444 593 493; x_wconf 78' lang='lat' dir='ltr'>romum</span> <span class='ocrx_word' id='word_1_3' title='bbox 706 426 915 525; x_wconf 80' lang='lat'><strong>...¹.3.3....</strong></span> <span class='ocrx_word' id='word_1_4' title='bbox 1152 420 1354 489; x_wconf 52' lang='lat' dir='ltr'>nbat—lvd</span> 
     </span>
    </p>
   </div>
   <div class='ocr_carea' id='block_1_2' title="bbox 141 592 1407 2637">
    <p class='ocr_par' dir='ltr' id='par_1_2' title="bbox 266 592 1387 677">
     <span class='ocr_line' id='line_1_2' title="bbox 266 592 1387 677; baseline -0.004 -16"><span class='ocrx_word' id='word_1_5' title='bbox 266 597 470 677; x_wconf 65' lang='lat' dir='ltr'>*stipulatione</span> <span class='ocrx_word' id='word_1_6' title='bbox 491 597 561 662; x_wconf 90' lang='lat' dir='ltr'>novi</span> <span class='ocrx_word' id='word_1_7' title='bbox 583 597 630 672; x_wconf 84' lang='lat' dir='ltr'>sit,</span> <span class='ocrx_word' id='word_1_8' title='bbox 653 598 729 660; x_wconf 85' lang='lat' dir='ltr'>forte</span> <span class='ocrx_word' id='word_1_9' title='bbox 750 598 776 659; x_wconf 90' lang='lat' dir='ltr'>si</span> <span class='ocrx_word' id='word_1_10' title='bbox 798 597 931 659; x_wconf 91' lang='lat' dir='ltr'>condicio</span> <span class='ocrx_word' id='word_1_11' title='bbox 952 603 1005 658; x_wconf 88' lang='lat' dir='ltr'>aut</span> <span class='ocrx_word' id='word_1_12' title='bbox 1025 596 1089 657; x_wconf 89' lang='lat' dir='ltr'>dies</span> <span class='ocrx_word' id='word_1_13' title='bbox 1104 603 1156 659; x_wconf 90' lang='lat' dir='ltr'>aut</span> <span class='ocrx_word' id='word_1_14' title='bbox 1170 592 1352 658; x_wconf 68' lang='lat' dir='ltr'>‘fideiussor&#39;</span> <span class='ocrx_word' id='word_1_15' title='bbox 1376 664 1387 669; x_wconf 41' lang='grc'>,,</span> 
     </span>
    </p>

    <p class='ocr_par' dir='ltr' id='par_1_3' title="bbox 266 681 1355 761">
     <span class='ocr_line' id='line_1_3' title="bbox 266 681 1355 761; baseline -0.003 -14"><span class='ocrx_word' id='word_1_16' title='bbox 266 681 421 747; x_wconf 67' lang='lat' dir='ltr'>*adiciatur</span> <span class='ocrx_word' id='word_1_17' title='bbox 448 692 501 746; x_wconf 90' lang='lat' dir='ltr'>aut</span> <span class='ocrx_word' id='word_1_18' title='bbox 530 684 710 745; x_wconf 77' lang='lat' dir='ltr'><strong>detrahatur.</strong></span> <span class='ocrx_word' id='word_1_19' title='bbox 748 684 828 761; x_wconf 90' lang='lat' dir='ltr'>quod</span> <span class='ocrx_word' id='word_1_20' title='bbox 858 691 959 745; x_wconf 89' lang='lat' dir='ltr'>antem</span> <span class='ocrx_word' id='word_1_21' title='bbox 990 682 1137 756; x_wconf 79' lang='lat' dir='ltr'>diximus,</span> <span class='ocrx_word' id='word_1_22' title='bbox 1167 683 1193 745; x_wconf 85' lang='lat' dir='ltr'>si</span> <span class='ocrx_word' id='word_1_23' title='bbox 1221 682 1355 744; x_wconf 87' lang='lat' dir='ltr'>condicio</span> 
     </span>
    </p>

    <p class='ocr_par' dir='ltr' id='par_1_4' title="bbox 265 768 1353 847">
     <span class='ocr_line' id='line_1_4' title="bbox 265 768 1353 847; baseline -0.001 -15"><span class='ocrx_word' id='word_1_24' title='bbox 265 768 428 844; x_wconf 66' lang='lat' dir='ltr'>*adiciatun</span> <span class='ocrx_word' id='word_1_25' title='bbox 453 769 641 832; x_wconf 80' lang='lat' dir='ltr'><strong>novationem</strong></span> <span class='ocrx_word' id='word_1_26' title='bbox 663 769 735 843; x_wconf 87' lang='lat' dir='ltr'>fieri,</span> <span class='ocrx_word' id='word_1_27' title='bbox 759 770 800 830; x_wconf 89' lang='lat' dir='ltr'>sio</span> <span class='ocrx_word' id='word_1_28' title='bbox 814 768 946 847; x_wconf 77' lang='lat' dir='ltr'>intellegi</span> <span class='ocrx_word' id='word_1_29' title='bbox 960 775 1085 846; x_wconf 79' lang='lat' dir='ltr'>oportet,</span> <span class='ocrx_word' id='word_1_30' title='bbox 1109 775 1142 830; x_wconf 90' lang='lat' dir='ltr'>ut</span> <span class='ocrx_word' id='word_1_31' title='bbox 1164 768 1204 830; x_wconf 87' lang='lat' dir='ltr'>ita</span> <span class='ocrx_word' id='word_1_32' title='bbox 1219 769 1353 831; x_wconf 89' lang='lat' dir='ltr'>dicamus</span> 
     </span>
    </p>

    <p class='ocr_par' dir='ltr' id='par_1_5' title="bbox 265 853 1353 933">
     <span class='ocr_line' id='line_1_5' title="bbox 265 853 1353 933; baseline -0.005 -14"><span class='ocrx_word' id='word_1_33' title='bbox 265 853 387 919; x_wconf 68' lang='lat' dir='ltr'>*factam</span> <span class='ocrx_word' id='word_1_34' title='bbox 409 856 607 930; x_wconf 79' lang='lat' dir='ltr'>novationem,</span> <span class='ocrx_word' id='word_1_35' title='bbox 631 855 656 917; x_wconf 89' lang='lat' dir='ltr'>si</span> <span class='ocrx_word' id='word_1_36' title='bbox 678 856 810 917; x_wconf 89' lang='lat' dir='ltr'>condicio</span> <span class='ocrx_word' id='word_1_37' title='bbox 832 854 972 916; x_wconf 84' lang='lat' dir='ltr'>extiterit:</span> <span class='ocrx_word' id='word_1_38' title='bbox 1005 855 1137 933; x_wconf 83' lang='lat' dir='ltr'>alioquin</span> <span class='ocrx_word' id='word_1_39' title='bbox 1158 854 1184 915; x_wconf 90' lang='lat' dir='ltr'>si</span> <span class='ocrx_word' id='word_1_40' title='bbox 1205 854 1353 929; x_wconf 77' lang='lat' dir='ltr'>deiecerit,</span> 
     </span>
    </p>

    <p class='ocr_par' dir='ltr' id='par_1_6' title="bbox 243 937 1407 1101">
     <span class='ocr_line' id='line_1_6' title="bbox 265 937 1407 1020; baseline -0.005 -15"><span class='ocrx_word' id='word_1_41' title='bbox 265 939 365 1005; x_wconf 66' lang='lat' dir='ltr'>&#39;durat</span> <span class='ocrx_word' id='word_1_42' title='bbox 386 942 465 1020; x_wconf 90' lang='lat' dir='ltr'>prior</span> <span class='ocrx_word' id='word_1_43' title='bbox 490 938 656 1020; x_wconf 58' lang='lat' dir='ltr'>obligatio*</span> <span class='ocrx_word' id='word_1_44' title='bbox 698 937 772 1003; x_wconf 83' lang='lat' dir='ltr'>&lt;Sed</span> <span class='ocrx_word' id='word_1_45' title='bbox 800 959 870 1003; x_wconf 93' lang='lat' dir='ltr'>cum</span> <span class='ocrx_word' id='word_1_46' title='bbox 897 942 955 1003; x_wconf 88' lang='lat' dir='ltr'>hoc</span> <span class='ocrx_word' id='word_1_47' title='bbox 984 941 1106 1018; x_wconf 80' lang='lat' dir='ltr'>quidem</span> <span class='ocrx_word' id='word_1_48' title='bbox 1133 940 1209 1003; x_wconf 90' lang='lat' dir='ltr'>inter</span> <span class='ocrx_word' id='word_1_49' title='bbox 1241 948 1353 1003; x_wconf 85' lang='lat' dir='ltr'>veteres</span> <span class='ocrx_word' id='word_1_50' title='bbox 1370 944 1407 1001; x_wconf 79' lang='lat' dir='ltr'>lla</span> 
     </span>
     <span class='ocr_line' id='line_1_7' title="bbox 243 1026 1353 1101; baseline -0.005 -9"><span class='ocrx_word' id='word_1_51' title='bbox 243 1056 244 1059; x_wconf 41' lang='lat'>¹</span> <span class='ocrx_word' id='word_1_52' title='bbox 264 1026 433 1092; x_wconf 82' lang='lat' dir='ltr'>&lt;constabat</span> <span class='ocrx_word' id='word_1_53' title='bbox 454 1035 526 1091; x_wconf 90' lang='lat' dir='ltr'>tunc</span> <span class='ocrx_word' id='word_1_54' title='bbox 547 1028 610 1089; x_wconf 87' lang='lat' dir='ltr'>fieri</span> <span class='ocrx_word' id='word_1_55' title='bbox 631 1028 831 1101; x_wconf 80' lang='lat' dir='ltr'>novationem,</span> <span class='ocrx_word' id='word_1_56' title='bbox 854 1046 923 1089; x_wconf 91' lang='lat' dir='ltr'>cum</span> <span class='ocrx_word' id='word_1_57' title='bbox 938 1026 1068 1090; x_wconf 90' lang='lat' dir='ltr'>novandi</span> <span class='ocrx_word' id='word_1_58' title='bbox 1088 1027 1189 1088; x_wconf 88' lang='lat' dir='ltr'>animo</span> <span class='ocrx_word' id='word_1_59' title='bbox 1203 1027 1235 1088; x_wconf 91' lang='lat' dir='ltr'>in</span> <span class='ocrx_word' id='word_1_60' title='bbox 1250 1046 1353 1089; x_wconf 91' lang='lat' dir='ltr'>secun·</span> 
     </span>
    </p>

    <p class='ocr_par' dir='ltr' id='par_1_7' title="bbox 141 1111 1392 2637">
     <span class='ocr_line' id='line_1_8' title="bbox 141 1111 1352 1198; baseline -0.002 -22"><span class='ocrx_word' id='word_1_61' title='bbox 141 1187 150 1198; x_wconf 36' lang='grc' dir='ltr'>ι</span> <span class='ocrx_word' id='word_1_62' title='bbox 264 1111 349 1176; x_wconf 79' lang='lat' dir='ltr'>‘dam</span> <span class='ocrx_word' id='word_1_63' title='bbox 371 1114 429 1176; x_wconf 87' lang='lat' dir='ltr'>obl&#39;</span> <span class='ocrx_word' id='word_1_64' title='bbox 453 1114 583 1176; x_wconf 87' lang='lat' dir='ltr'>ationem</span> <span class='ocrx_word' id='word_1_65' title='bbox 605 1114 679 1174; x_wconf 90' lang='lat' dir='ltr'>itum</span> <span class='ocrx_word' id='word_1_66' title='bbox 701 1114 809 1175; x_wconf 81' lang='lat' dir='ltr'>fuerat:</span> <span class='ocrx_word' id='word_1_67' title='bbox 836 1133 889 1191; x_wconf 88' lang='lat' dir='ltr'>per</span> <span class='ocrx_word' id='word_1_68' title='bbox 914 1112 973 1174; x_wconf 91' lang='lat' dir='ltr'>hoc</span> <span class='ocrx_word' id='word_1_69' title='bbox 999 1120 1099 1179; x_wconf 88' lang='lat' dir='ltr'>autem</span> <span class='ocrx_word' id='word_1_70' title='bbox 1125 1112 1249 1174; x_wconf 88' lang='lat' dir='ltr'>dubium</span> <span class='ocrx_word' id='word_1_71' title='bbox 1279 1119 1352 1186; x_wconf 90' lang='lat' dir='ltr'>erat,</span> 
     </span>
     <span class='ocr_line' id='line_1_9' title="bbox 264 1197 1354 1279; baseline -0.002 -18"><span class='ocrx_word' id='word_1_72' title='bbox 264 1197 397 1279; x_wconf 86' lang='lat' dir='ltr'>&lt;quando</span> <span class='ocrx_word' id='word_1_73' title='bbox 419 1200 548 1262; x_wconf 91' lang='lat' dir='ltr'>novandi</span> <span class='ocrx_word' id='word_1_74' title='bbox 570 1199 671 1261; x_wconf 88' lang='lat' dir='ltr'>animo</span> <span class='ocrx_word' id='word_1_75' title='bbox 693 1197 859 1263; x_wconf 84' lang='lat' dir='ltr'>videretur¹</span> <span class='ocrx_word' id='word_1_76' title='bbox 880 1199 939 1260; x_wconf 91' lang='lat' dir='ltr'>hoc</span> <span class='ocrx_word' id='word_1_77' title='bbox 961 1199 1025 1259; x_wconf 89' lang='lat' dir='ltr'>fieri</span> <span class='ocrx_word' id='word_1_78' title='bbox 1043 1205 1072 1260; x_wconf 93' lang='lat' dir='ltr'>et</span> <span class='ocrx_word' id='word_1_79' title='bbox 1087 1199 1232 1276; x_wconf 84' lang='lat' dir='ltr'>quasdam</span> <span class='ocrx_word' id='word_1_80' title='bbox 1245 1199 1281 1260; x_wconf 90' lang='lat' dir='ltr'>de</span> <span class='ocrx_word' id='word_1_81' title='bbox 1296 1199 1354 1259; x_wconf 91' lang='lat' dir='ltr'>boc</span> 
     </span>
     <span class='ocr_line' id='line_1_10' title="bbox 263 1283 1354 1365; baseline -0.005 -14"><span class='ocrx_word' id='word_1_82' title='bbox 263 1283 532 1365; x_wconf 76' lang='lat' dir='ltr'>‘praesumptiones</span> <span class='ocrx_word' id='word_1_83' title='bbox 554 1286 603 1347; x_wconf 89' lang='lat' dir='ltr'>alii</span> <span class='ocrx_word' id='word_1_84' title='bbox 624 1284 654 1346; x_wconf 92' lang='lat' dir='ltr'>in</span> <span class='ocrx_word' id='word_1_85' title='bbox 677 1286 741 1347; x_wconf 88' lang='lat' dir='ltr'>aliis</span> <span class='ocrx_word' id='word_1_86' title='bbox 763 1285 881 1347; x_wconf 84' lang='lat' dir='ltr'>casibus</span> <span class='ocrx_word' id='word_1_87' title='bbox 902 1284 1140 1347; x_wconf 85' lang='lat' dir='ltr'>introducebant:</span> <span class='ocrx_word' id='word_1_88' title='bbox 1163 1285 1228 1347; x_wconf 89' lang='lat' dir='ltr'>ideo</span> <span class='ocrx_word' id='word_1_89' title='bbox 1250 1291 1354 1346; x_wconf 88' lang='lat' dir='ltr'>nostra</span> 
     </span>
     <span class='ocr_line' id='line_1_11' title="bbox 264 1369 1353 1451; baseline -0.002 -18"><span class='ocrx_word' id='word_1_90' title='bbox 264 1369 422 1451; x_wconf 86' lang='lat' dir='ltr'>&lt;processit</span> <span class='ocrx_word' id='word_1_91' title='bbox 450 1372 619 1435; x_wconf 90' lang='lat' dir='ltr'>constitutio</span> <span class='ocrx_word' id='word_1_92' title='bbox 627 1370 649 1446; x_wconf 81' lang='lat'>²,</span> <span class='ocrx_word' id='word_1_93' title='bbox 679 1391 756 1449; x_wconf 84' lang='lat' dir='ltr'>quae</span> <span class='ocrx_word' id='word_1_94' title='bbox 783 1371 967 1449; x_wconf 81' lang='lat' dir='ltr'>apertissime</span> <span class='ocrx_word' id='word_1_95' title='bbox 996 1369 1124 1431; x_wconf 90' lang='lat' dir='ltr'>definivit</span> <span class='ocrx_word' id='word_1_96' title='bbox 1151 1378 1224 1432; x_wconf 90' lang='lat' dir='ltr'>tunc</span> <span class='ocrx_word' id='word_1_97' title='bbox 1255 1371 1353 1432; x_wconf 91' lang='lat' dir='ltr'>solum</span> 
     </span>
     <span class='ocr_line' id='line_1_12' title="bbox 263 1455 1355 1535; baseline -0.002 -16"><span class='ocrx_word' id='word_1_98' title='bbox 263 1455 342 1520; x_wconf 80' lang='lat' dir='ltr'>&lt;fieri</span> <span class='ocrx_word' id='word_1_99' title='bbox 363 1458 565 1531; x_wconf 85' lang='lat' dir='ltr'>novationem,</span> <span class='ocrx_word' id='word_1_100' title='bbox 594 1458 731 1534; x_wconf 85' lang='lat' dir='ltr'>quotiens</span> <span class='ocrx_word' id='word_1_101' title='bbox 758 1458 816 1519; x_wconf 92' lang='lat' dir='ltr'>boc</span> <span class='ocrx_word' id='word_1_102' title='bbox 844 1457 942 1535; x_wconf 88' lang='lat' dir='ltr'>ipsum</span> <span class='ocrx_word' id='word_1_103' title='bbox 970 1457 1048 1523; x_wconf 89' lang='lat' dir='ltr'>iuter</span> <span class='ocrx_word' id='word_1_104' title='bbox 1074 1456 1283 1518; x_wconf 86' lang='lat' dir='ltr'>contrahentes</span> <span class='ocrx_word' id='word_1_105' title='bbox 1305 1476 1355 1517; x_wconf 87' lang='lat' dir='ltr'>ex·</span> 
     </span>
     <span class='ocr_line' id='line_1_13' title="bbox 264 1540 1354 1623; baseline -0.002 -18"><span class='ocrx_word' id='word_1_106' title='bbox 264 1540 415 1623; x_wconf 65' lang='lat' dir='ltr'>pressum</span> <span class='ocrx_word' id='word_1_107' title='bbox 441 1544 540 1618; x_wconf 81' lang='lat' dir='ltr'>luerit,</span> <span class='ocrx_word' id='word_1_108' title='bbox 571 1544 651 1622; x_wconf 90' lang='lat' dir='ltr'>quod</span> <span class='ocrx_word' id='word_1_109' title='bbox 678 1550 797 1623; x_wconf 87' lang='lat' dir='ltr'>propter</span> <span class='ocrx_word' id='word_1_110' title='bbox 822 1544 1013 1605; x_wconf 87' lang='lat' dir='ltr'>novationem</span> <span class='ocrx_word' id='word_1_111' title='bbox 1039 1543 1144 1621; x_wconf 90' lang='lat' dir='ltr'>prioris</span> <span class='ocrx_word' id='word_1_112' title='bbox 1167 1541 1354 1619; x_wconf 76' lang='lat' dir='ltr'>obligationis</span> 
     </span>
     <span class='ocr_line' id='line_1_14' title="bbox 264 1626 1356 1708; baseline -0.004 -15"><span class='ocrx_word' id='word_1_113' title='bbox 264 1626 493 1704; x_wconf 61' lang='lat' dir='ltr'>‘convenerunt</span> <span class='ocrx_word' id='word_1_114' title='bbox 522 1630 653 1708; x_wconf 87' lang='lat' dir='ltr'>alioquin</span> <span class='ocrx_word' id='word_1_115' title='bbox 682 1650 804 1691; x_wconf 90' lang='lat' dir='ltr'>manere</span> <span class='ocrx_word' id='word_1_116' title='bbox 837 1637 867 1691; x_wconf 90' lang='lat' dir='ltr'>et</span> <span class='ocrx_word' id='word_1_117' title='bbox 895 1630 1050 1708; x_wconf 84' lang='lat' dir='ltr'>pristinam</span> <span class='ocrx_word' id='word_1_118' title='bbox 1079 1628 1291 1707; x_wconf 82' lang='lat' dir='ltr'>obligationem</span> <span class='ocrx_word' id='word_1_119' title='bbox 1325 1633 1356 1689; x_wconf 89' lang='lat' dir='ltr'>et</span> 
     </span>
     <span class='ocr_line' id='line_1_15' title="bbox 264 1713 1355 1792; baseline -0.004 -13"><span class='ocrx_word' id='word_1_120' title='bbox 264 1713 440 1779; x_wconf 83' lang='lat' dir='ltr'>‘secundam</span> <span class='ocrx_word' id='word_1_121' title='bbox 463 1717 490 1778; x_wconf 92' lang='lat' dir='ltr'>ei</span> <span class='ocrx_word' id='word_1_122' title='bbox 511 1717 657 1790; x_wconf 79' lang='lat' dir='ltr'>accedere,</span> <span class='ocrx_word' id='word_1_123' title='bbox 680 1723 713 1777; x_wconf 90' lang='lat' dir='ltr'>ut</span> <span class='ocrx_word' id='word_1_124' title='bbox 734 1724 855 1777; x_wconf 88' lang='lat' dir='ltr'>mancat</span> <span class='ocrx_word' id='word_1_125' title='bbox 876 1735 913 1776; x_wconf 84' lang='lat' dir='ltr'>ex</span> <span class='ocrx_word' id='word_1_126' title='bbox 940 1721 1066 1792; x_wconf 73' lang='lat' dir='ltr'>ubsque</span> <span class='ocrx_word' id='word_1_127' title='bbox 1092 1734 1183 1775; x_wconf 85' lang='lat' dir='ltr'>causa</span> <span class='ocrx_word' id='word_1_128' title='bbox 1212 1713 1355 1792; x_wconf 82' lang='lat' dir='ltr'>obligatio</span> 
     </span>
     <span class='ocr_line' id='line_1_16' title="bbox 264 1799 1355 1878; baseline -0.005 -11"><span class='ocrx_word' id='word_1_129' title='bbox 264 1801 443 1867; x_wconf 62' lang='lat' dir='ltr'>fsecundum</span> <span class='ocrx_word' id='word_1_130' title='bbox 458 1809 578 1863; x_wconf 84' lang='lat' dir='ltr'>nostrae</span> <span class='ocrx_word' id='word_1_131' title='bbox 592 1801 808 1863; x_wconf 77' lang='lat' dir='ltr'>constitutionis</span> <span class='ocrx_word' id='word_1_132' title='bbox 823 1802 1018 1873; x_wconf 88' lang='lat' dir='ltr'>definitiones,</span> <span class='ocrx_word' id='word_1_133' title='bbox 1041 1820 1116 1877; x_wconf 87' lang='lat' dir='ltr'>quas</span> <span class='ocrx_word' id='word_1_134' title='bbox 1131 1799 1197 1861; x_wconf 90' lang='lat' dir='ltr'>licet</span> <span class='ocrx_word' id='word_1_135' title='bbox 1211 1819 1248 1864; x_wconf 82' lang='lat' dir='ltr'>ex</span> <span class='ocrx_word' id='word_1_136' title='bbox 1263 1800 1355 1878; x_wconf 87' lang='lat' dir='ltr'>ipsius</span> 
     </span>
     <span class='ocr_line' id='line_1_17' title="bbox 265 1883 1392 1965; baseline -0.003 -17"><span class='ocrx_word' id='word_1_137' title='bbox 265 1884 405 1950; x_wconf 77' lang='lat' dir='ltr'>‘lectione</span> <span class='ocrx_word' id='word_1_138' title='bbox 426 1888 556 1965; x_wconf 85' lang='lat' dir='ltr'>apertius</span> <span class='ocrx_word' id='word_1_139' title='bbox 578 1883 783 1965; x_wconf 70' lang='lat' dir='ltr'>cognoscere?</span> <span class='ocrx_word' id='word_1_140' title='bbox 820 1887 885 1948; x_wconf 89' lang='lat' dir='ltr'>Hoc</span> <span class='ocrx_word' id='word_1_141' title='bbox 913 1886 1042 1963; x_wconf 88' lang='lat' dir='ltr'>amplius</span> <span class='ocrx_word' id='word_1_142' title='bbox 1068 1905 1121 1947; x_wconf 91' lang='lat' dir='ltr'>eae</span> <span class='ocrx_word' id='word_1_143' title='bbox 1148 1885 1392 1965; x_wconf 85' lang='lat' dir='ltr'>obligationes,4</span> 
     </span>
     <span class='ocr_line' id='line_1_18' title="bbox 266 1971 1354 2051; baseline 0.001 -17"><span class='ocrx_word' id='word_1_144' title='bbox 266 1992 343 2051; x_wconf 85' lang='lat' dir='ltr'>quae</span> <span class='ocrx_word' id='word_1_145' title='bbox 370 1992 517 2035; x_wconf 89' lang='lat' dir='ltr'>consensu</span> <span class='ocrx_word' id='word_1_146' title='bbox 544 1972 768 2047; x_wconf 88' lang='lat' dir='ltr'>contrahuntur,</span> <span class='ocrx_word' id='word_1_147' title='bbox 796 1973 943 2034; x_wconf 86' lang='lat' dir='ltr'>contraria</span> <span class='ocrx_word' id='word_1_148' title='bbox 966 1973 1115 2034; x_wconf 86' lang='lat' dir='ltr'>voluntate</span> <span class='ocrx_word' id='word_1_149' title='bbox 1142 1971 1354 2035; x_wconf 89' lang='lat' dir='ltr'>dissolvuntur.</span> 
     </span>
     <span class='ocr_line' id='line_1_19' title="bbox 266 2058 1355 2131; baseline -0.003 -6"><span class='ocrx_word' id='word_1_150' title='bbox 266 2079 338 2125; x_wconf 86' lang='lat' dir='ltr'>uam</span> <span class='ocrx_word' id='word_1_151' title='bbox 361 2060 385 2119; x_wconf 90' lang='lat' dir='ltr'>si</span> <span class='ocrx_word' id='word_1_152' title='bbox 408 2059 503 2120; x_wconf 86' lang='lat' dir='ltr'>Titius</span> <span class='ocrx_word' id='word_1_153' title='bbox 525 2066 554 2122; x_wconf 89' lang='lat' dir='ltr'>et</span> <span class='ocrx_word' id='word_1_154' title='bbox 573 2058 658 2120; x_wconf 88' lang='lat' dir='ltr'>Seius</span> <span class='ocrx_word' id='word_1_155' title='bbox 680 2058 757 2122; x_wconf 88' lang='lat' dir='ltr'>inter</span> <span class='ocrx_word' id='word_1_156' title='bbox 778 2078 811 2119; x_wconf 85' lang='lat' dir='ltr'>se</span> <span class='ocrx_word' id='word_1_157' title='bbox 834 2065 1056 2131; x_wconf 89' lang='lat' dir='ltr'>consenserunt,</span> <span class='ocrx_word' id='word_1_158' title='bbox 1080 2064 1113 2119; x_wconf 89' lang='lat' dir='ltr'>ut</span> <span class='ocrx_word' id='word_1_159' title='bbox 1134 2058 1261 2120; x_wconf 82' lang='lat' dir='ltr'>fundum</span> <span class='ocrx_word' id='word_1_160' title='bbox 1281 2058 1355 2122; x_wconf 80' lang='lat' dir='ltr'>Tus·</span> 
     </span>
     <span class='ocr_line' id='line_1_20' title="bbox 266 2139 1356 2223; baseline -0.004 -14"><span class='ocrx_word' id='word_1_161' title='bbox 266 2146 404 2209; x_wconf 85' lang='lat' dir='ltr'>culanum</span> <span class='ocrx_word' id='word_1_162' title='bbox 427 2151 560 2223; x_wconf 90' lang='lat' dir='ltr'>emptum</span> <span class='ocrx_word' id='word_1_163' title='bbox 583 2144 668 2210; x_wconf 87' lang='lat' dir='ltr'>Seius</span> <span class='ocrx_word' id='word_1_164' title='bbox 690 2146 813 2207; x_wconf 85' lang='lat' dir='ltr'>baberet</span> <span class='ocrx_word' id='word_1_165' title='bbox 835 2152 955 2223; x_wconf 83' lang='lat' dir='ltr'>centum</span> <span class='ocrx_word' id='word_1_166' title='bbox 969 2139 1170 2217; x_wconf 79' lang='lat' dir='ltr'>&lt;aureorum&#39;,</span> <span class='ocrx_word' id='word_1_167' title='bbox 1193 2143 1300 2205; x_wconf 91' lang='lat' dir='ltr'>deinde</span> <span class='ocrx_word' id='word_1_168' title='bbox 1323 2162 1356 2205; x_wconf 88' lang='lat' dir='ltr'>re</span> 
     </span>
     <span class='ocr_line' id='line_1_21' title="bbox 266 2229 1356 2309; baseline -0.003 -16"><span class='ocrx_word' id='word_1_169' title='bbox 266 2232 399 2293; x_wconf 88' lang='lat' dir='ltr'>nundum</span> <span class='ocrx_word' id='word_1_170' title='bbox 424 2239 532 2304; x_wconf 87' lang='lat' dir='ltr'>secuta,</span> <span class='ocrx_word' id='word_1_171' title='bbox 556 2231 584 2293; x_wconf 95' lang='lat' dir='ltr'>id</span> <span class='ocrx_word' id='word_1_172' title='bbox 608 2236 653 2292; x_wconf 88' lang='lat' dir='ltr'>est</span> <span class='ocrx_word' id='word_1_173' title='bbox 675 2250 771 2309; x_wconf 90' lang='lat' dir='ltr'>neque</span> <span class='ocrx_word' id='word_1_174' title='bbox 786 2232 878 2308; x_wconf 90' lang='lat' dir='ltr'>pretio</span> <span class='ocrx_word' id='word_1_175' title='bbox 894 2233 991 2293; x_wconf 88' lang='lat' dir='ltr'>soluto</span> <span class='ocrx_word' id='word_1_176' title='bbox 1005 2249 1103 2307; x_wconf 86' lang='lat' dir='ltr'>neque</span> <span class='ocrx_word' id='word_1_177' title='bbox 1124 2230 1216 2291; x_wconf 84' lang='lat' dir='ltr'>fundo</span> <span class='ocrx_word' id='word_1_178' title='bbox 1238 2229 1356 2305; x_wconf 88' lang='lat' dir='ltr'>tradito,</span> 
     </span>
     <span class='ocr_line' id='line_1_22' title="bbox 265 2315 1356 2396; baseline -0.002 -18"><span class='ocrx_word' id='word_1_179' title='bbox 265 2317 407 2396; x_wconf 88' lang='lat' dir='ltr'>placuerit</span> <span class='ocrx_word' id='word_1_180' title='bbox 428 2317 504 2379; x_wconf 87' lang='lat' dir='ltr'>inter</span> <span class='ocrx_word' id='word_1_181' title='bbox 525 2336 585 2391; x_wconf 89' lang='lat' dir='ltr'>eos,</span> <span class='ocrx_word' id='word_1_182' title='bbox 609 2323 642 2377; x_wconf 91' lang='lat' dir='ltr'>ut</span> <span class='ocrx_word' id='word_1_183' title='bbox 664 2317 860 2379; x_wconf 84' lang='lat' dir='ltr'>discederetur</span> <span class='ocrx_word' id='word_1_184' title='bbox 888 2318 926 2378; x_wconf 87' lang='lat' dir='ltr'>ab</span> <span class='ocrx_word' id='word_1_185' title='bbox 949 2316 1099 2395; x_wconf 89' lang='lat' dir='ltr'>emptione</span> <span class='ocrx_word' id='word_1_186' title='bbox 1126 2322 1156 2377; x_wconf 90' lang='lat' dir='ltr'>et</span> <span class='ocrx_word' id='word_1_187' title='bbox 1176 2315 1356 2389; x_wconf 87' lang='lat' dir='ltr'>venditione,</span> 
     </span>
     <span class='ocr_line' id='line_1_23' title="bbox 266 2401 1358 2467; baseline -0.001 -4"><span class='ocrx_word' id='word_1_188' title='bbox 266 2402 390 2465; x_wconf 84' lang='lat' dir='ltr'>invicem</span> <span class='ocrx_word' id='word_1_189' title='bbox 413 2403 582 2465; x_wconf 91' lang='lat' dir='ltr'>liberantur.</span> <span class='ocrx_word' id='word_1_190' title='bbox 618 2402 695 2465; x_wconf 89' lang='lat' dir='ltr'>idem</span> <span class='ocrx_word' id='word_1_191' title='bbox 720 2410 764 2467; x_wconf 87' lang='lat' dir='ltr'>est</span> <span class='ocrx_word' id='word_1_192' title='bbox 786 2410 814 2463; x_wconf 93' lang='lat' dir='ltr'>et</span> <span class='ocrx_word' id='word_1_193' title='bbox 836 2404 868 2463; x_wconf 92' lang='lat' dir='ltr'>in</span> <span class='ocrx_word' id='word_1_194' title='bbox 890 2402 1085 2465; x_wconf 88' lang='lat' dir='ltr'>conductione</span> <span class='ocrx_word' id='word_1_195' title='bbox 1107 2408 1136 2464; x_wconf 92' lang='lat' dir='ltr'>et</span> <span class='ocrx_word' id='word_1_196' title='bbox 1157 2401 1302 2463; x_wconf 88' lang='lat' dir='ltr'>locatione</span> <span class='ocrx_word' id='word_1_197' title='bbox 1328 2408 1358 2463; x_wconf 92' lang='lat' dir='ltr'>et</span> 
     </span>
     <span class='ocr_line' id='line_1_24' title="bbox 269 2486 1358 2565; baseline -0.003 -14"><span class='ocrx_word' id='word_1_198' title='bbox 269 2489 408 2551; x_wconf 89' lang='lat' dir='ltr'>omnibus</span> <span class='ocrx_word' id='word_1_199' title='bbox 430 2489 643 2563; x_wconf 89' lang='lat' dir='ltr'>contractibus,</span> <span class='ocrx_word' id='word_1_200' title='bbox 672 2489 722 2565; x_wconf 88' lang='lat' dir='ltr'>qui</span> <span class='ocrx_word' id='word_1_201' title='bbox 744 2508 782 2550; x_wconf 88' lang='lat' dir='ltr'>ex</span> <span class='ocrx_word' id='word_1_202' title='bbox 803 2508 952 2550; x_wconf 90' lang='lat' dir='ltr'>consensu</span> <span class='ocrx_word' id='word_1_203' title='bbox 974 2488 1172 2561; x_wconf 88' lang='lat' dir='ltr'>descendunt,</span> <span class='ocrx_word' id='word_1_204' title='bbox 1199 2486 1275 2549; x_wconf 91' lang='lat' dir='ltr'>sicut</span> <span class='ocrx_word' id='word_1_205' title='bbox 1297 2487 1358 2548; x_wconf 92' lang='lat' dir='ltr'>iam</span> 
     </span>
     <span class='ocr_line' id='line_1_25' title="bbox 269 2574 456 2637; baseline 0.005 -1"><span class='ocrx_word' id='word_1_206' title='bbox 269 2574 456 2637; x_wconf 87' lang='lat' dir='ltr'>dictumest.</span> 
     </span>
    </p>
   </div>
   <div class='ocr_carea' id='block_1_3' title="bbox 696 3082 937 3147">
    <p class='ocr_par' dir='ltr' id='par_1_8' title="bbox 696 3082 937 3147">
     <span class='ocr_line' id='line_1_26' title="bbox 696 3082 937 3147; baseline -0.004 -10"><span class='ocrx_word' id='word_1_207' title='bbox 696 3084 780 3137; x_wconf 71' lang='lat' dir='ltr'>troes</span> <span class='ocrx_word' id='word_1_208' title='bbox 797 3082 937 3147; x_wconf 74' lang='lat' dir='ltr'>tuturus.</span> 
     </span>
    </p>
   </div>
   <div class='ocr_carea' id='block_1_4' title="bbox 303 3204 1318 3367">
    <p class='ocr_par' dir='ltr' id='par_1_9' title="bbox 303 3204 1318 3367">
     <span class='ocr_line' id='line_1_27' title="bbox 816 3204 829 3244; baseline 0 0"><span class='ocrx_word' id='word_1_209' title='bbox 816 3204 829 3244; x_wconf 83' lang='lat' dir='ltr'>n</span> 
     </span>
     <span class='ocr_line' id='line_1_28' title="bbox 303 3208 1318 3367; baseline 0 -8"><span class='ocrx_word' id='word_1_210' title='bbox 303 3304 352 3359; x_wconf 83' lang='lat' dir='ltr'>DE</span> <span class='ocrx_word' id='word_1_211' title='bbox 371 3303 687 3360; x_wconf 76' lang='lat' dir='ltr'>OBLIGA&#39;I&#39;IONIBUS</span> <span class='ocrx_word' id='word_1_212' title='bbox 706 3208 807 3367; x_wconf 43' lang='lat' dir='ltr'>Quod</span> <span class='ocrx_word' id='word_1_213' title='bbox 822 3304 874 3359; x_wconf 77' lang='lat'><strong>1⁴11</strong></span> <span class='ocrx_word' id='word_1_214' title='bbox 890 3302 1048 3362; x_wconf 72' lang='lat' dir='ltr'>numero</span> <span class='ocrx_word' id='word_1_215' title='bbox 1066 3302 1318 3359; x_wconf 66' lang='lat' dir='ltr'>nesciturum.</span> 
     </span>
    </p>
   </div>
   <div class='ocr_carea' id='block_1_5' title="bbox 267 3411 1358 3920">
    <p class='ocr_par' dir='ltr' id='par_1_10' title="bbox 267 3411 1358 3920">
     <span class='ocr_line' id='line_1_29' title="bbox 332 3411 1358 3490; baseline 0 -17"><span class='ocrx_word' id='word_1_216' title='bbox 332 3412 408 3473; x_wconf 88' lang='lat' dir='ltr'>Cum</span> <span class='ocrx_word' id='word_1_217' title='bbox 432 3412 598 3490; x_wconf 85' lang='lat' dir='ltr'>expositum</span> <span class='ocrx_word' id='word_1_218' title='bbox 621 3412 658 3472; x_wconf 91' lang='lat' dir='ltr'>sit</span> <span class='ocrx_word' id='word_1_219' title='bbox 677 3412 826 3490; x_wconf 87' lang='lat' dir='ltr'>superiore</span> <span class='ocrx_word' id='word_1_220' title='bbox 848 3413 923 3473; x_wconf 88' lang='lat' dir='ltr'>libro</span> <span class='ocrx_word' id='word_1_221' title='bbox 943 3413 979 3473; x_wconf 90' lang='lat' dir='ltr'>de</span> <span class='ocrx_word' id='word_1_222' title='bbox 995 3411 1225 3490; x_wconf 88' lang='lat' dir='ltr'>obligationibus</span> <span class='ocrx_word' id='word_1_223' title='bbox 1238 3430 1276 3473; x_wconf 86' lang='lat' dir='ltr'>ex</span> <span class='ocrx_word' id='word_1_224' title='bbox 1290 3431 1358 3473; x_wconf 90' lang='lat' dir='ltr'>con-</span> 
     </span>
     <span class='ocr_line' id='line_1_30' title="bbox 267 3497 1358 3578; baseline 0.002 -21"><span class='ocrx_word' id='word_1_225' title='bbox 267 3506 361 3560; x_wconf 89' lang='lat' dir='ltr'>tractu</span> <span class='ocrx_word' id='word_1_226' title='bbox 385 3505 413 3560; x_wconf 90' lang='lat' dir='ltr'>et</span> <span class='ocrx_word' id='word_1_227' title='bbox 435 3498 520 3578; x_wconf 89' lang='lat' dir='ltr'>quasi</span> <span class='ocrx_word' id='word_1_228' title='bbox 543 3516 579 3559; x_wconf 86' lang='lat' dir='ltr'>ex</span> <span class='ocrx_word' id='word_1_229' title='bbox 601 3504 768 3572; x_wconf 86' lang='lat' dir='ltr'>contractu,</span> <span class='ocrx_word' id='word_1_230' title='bbox 796 3498 928 3575; x_wconf 87' lang='lat' dir='ltr'>sequitur</span> <span class='ocrx_word' id='word_1_231' title='bbox 950 3505 982 3558; x_wconf 91' lang='lat' dir='ltr'>ut</span> <span class='ocrx_word' id='word_1_232' title='bbox 1008 3497 1044 3558; x_wconf 90' lang='lat' dir='ltr'>de</span> <span class='ocrx_word' id='word_1_233' title='bbox 1065 3498 1295 3576; x_wconf 86' lang='lat' dir='ltr'>obligationibus</span> <span class='ocrx_word' id='word_1_234' title='bbox 1321 3518 1358 3559; x_wconf 85' lang='lat' dir='ltr'>ex</span> 
     </span>
     <span class='ocr_line' id='line_1_31' title="bbox 267 3583 1356 3663; baseline -0.001 -18"><span class='ocrx_word' id='word_1_235' title='bbox 267 3584 410 3647; x_wconf 87' lang='lat' dir='ltr'>maleficio</span> <span class='ocrx_word' id='word_1_236' title='bbox 426 3584 625 3663; x_wconf 86' lang='lat' dir='ltr'>dispiciamus.</span> <span class='ocrx_word' id='word_1_237' title='bbox 661 3583 730 3644; x_wconf 84' lang='lat' dir='ltr'>⁵sed</span> <span class='ocrx_word' id='word_1_238' title='bbox 744 3584 811 3645; x_wconf 89' lang='lat' dir='ltr'>illae</span> <span class='ocrx_word' id='word_1_239' title='bbox 825 3583 954 3661; x_wconf 71' lang='lat' dir='ltr'>(pridem,</span> <span class='ocrx_word' id='word_1_240' title='bbox 978 3590 1011 3644; x_wconf 88' lang='lat' dir='ltr'>ut</span> <span class='ocrx_word' id='word_1_241' title='bbox 1024 3603 1078 3646; x_wconf 92' lang='lat' dir='ltr'>suo</span> <span class='ocrx_word' id='word_1_242' title='bbox 1094 3585 1158 3645; x_wconf 89' lang='lat' dir='ltr'>loco</span> <span class='ocrx_word' id='word_1_243' title='bbox 1173 3584 1356 3658; x_wconf 86' lang='lat' dir='ltr'>tradidimus,</span> 
     </span>
     <span class='ocr_line' id='line_1_32' title="bbox 267 3669 1356 3749; baseline 0.002 -20"><span class='ocrx_word' id='word_1_244' title='bbox 267 3669 298 3730; x_wconf 93' lang='lat' dir='ltr'>in</span> <span class='ocrx_word' id='word_1_245' title='bbox 330 3677 467 3747; x_wconf 86' lang='lat' dir='ltr'>quattuor</span> <span class='ocrx_word' id='word_1_246' title='bbox 493 3690 604 3749; x_wconf 87' lang='lat' dir='ltr'>genera</span> <span class='ocrx_word' id='word_1_247' title='bbox 630 3669 811 3731; x_wconf 90' lang='lat' dir='ltr'>dividuntur:</span> <span class='ocrx_word' id='word_1_248' title='bbox 840 3671 898 3731; x_wconf 88' lang='lat' dir='ltr'>hae</span> <span class='ocrx_word' id='word_1_249' title='bbox 918 3688 987 3731; x_wconf 90' lang='lat' dir='ltr'>vero</span> <span class='ocrx_word' id='word_1_250' title='bbox 1015 3670 1104 3732; x_wconf 91' lang='lat' dir='ltr'>unius</span> <span class='ocrx_word' id='word_1_251' title='bbox 1131 3670 1250 3749; x_wconf 86' lang='lat' dir='ltr'>generis</span> <span class='ocrx_word' id='word_1_252' title='bbox 1277 3677 1356 3744; x_wconf 87' lang='lat' dir='ltr'>sunt,</span> 
     </span>
     <span class='ocr_line' id='line_1_33' title="bbox 269 3755 1357 3833; baseline -0.001 -17"><span class='ocrx_word' id='word_1_253' title='bbox 269 3775 341 3816; x_wconf 89' lang='lat' dir='ltr'>nam</span> <span class='ocrx_word' id='word_1_254' title='bbox 364 3774 469 3817; x_wconf 89' lang='lat' dir='ltr'>omnes</span> <span class='ocrx_word' id='word_1_255' title='bbox 491 3775 528 3817; x_wconf 85' lang='lat' dir='ltr'>ex</span> <span class='ocrx_word' id='word_1_256' title='bbox 550 3776 583 3817; x_wconf 90' lang='lat' dir='ltr'>re</span> <span class='ocrx_word' id='word_1_257' title='bbox 604 3762 776 3830; x_wconf 87' lang='lat' dir='ltr'>nascuntur,</span> <span class='ocrx_word' id='word_1_258' title='bbox 800 3756 829 3816; x_wconf 95' lang='lat' dir='ltr'>id</span> <span class='ocrx_word' id='word_1_259' title='bbox 845 3762 889 3817; x_wconf 89' lang='lat' dir='ltr'>est</span> <span class='ocrx_word' id='word_1_260' title='bbox 908 3775 944 3816; x_wconf 84' lang='lat' dir='ltr'>ex</span> <span class='ocrx_word' id='word_1_261' title='bbox 961 3755 1025 3833; x_wconf 92' lang='lat' dir='ltr'>ipso</span> <span class='ocrx_word' id='word_1_262' title='bbox 1040 3755 1194 3831; x_wconf 84' lang='lat' dir='ltr'>maleficio,</span> <span class='ocrx_word' id='word_1_263' title='bbox 1218 3756 1306 3818; x_wconf 88' lang='lat' dir='ltr'>veluti</span> <span class='ocrx_word' id='word_1_264' title='bbox 1321 3774 1357 3817; x_wconf 87' lang='lat' dir='ltr'>ex</span> 
     </span>
     <span class='ocr_line' id='line_1_34' title="bbox 267 3841 960 3920; baseline -0.003 -15"><span class='ocrx_word' id='word_1_265' title='bbox 267 3841 346 3905; x_wconf 82' lang='lat' dir='ltr'>furto</span> <span class='ocrx_word' id='word_1_266' title='bbox 369 3847 420 3901; x_wconf 88' lang='lat' dir='ltr'>aut</span> <span class='ocrx_word' id='word_1_267' title='bbox 440 3842 545 3920; x_wconf 83' lang='lat' dir='ltr'>rapina</span> <span class='ocrx_word' id='word_1_268' title='bbox 566 3850 617 3903; x_wconf 91' lang='lat' dir='ltr'>aut</span> <span class='ocrx_word' id='word_1_269' title='bbox 639 3843 750 3903; x_wconf 83' lang='lat' dir='ltr'>damno</span> <span class='ocrx_word' id='word_1_270' title='bbox 772 3849 823 3903; x_wconf 87' lang='lat' dir='ltr'>aut</span> <span class='ocrx_word' id='word_1_271' title='bbox 845 3842 960 3903; x_wconf 86' lang='lat' dir='ltr'>iniuria.</span> 
     </span>
    </p>
   </div>
   <div class='ocr_carea' id='block_1_6' title="bbox 266 3991 1358 4201">
    <p class='ocr_par' dir='ltr' id='par_1_11' title="bbox 266 3991 1358 4201">
     <span class='ocr_line' id='line_1_35' title="bbox 338 3991 1357 4062; baseline 0.003 -17"><span class='ocrx_word' id='word_1_272' title='bbox 338 3995 348 4026; x_wconf 86' lang='lat'>²</span> <span class='ocrx_word' id='word_1_273' title='bbox 367 3995 470 4047; x_wconf 80' lang='lat' dir='ltr'>videtur</span> <span class='ocrx_word' id='word_1_274' title='bbox 487 3994 521 4058; x_wconf 88' lang='lat' dir='ltr'>B,</span> <span class='ocrx_word' id='word_1_275' title='bbox 539 3996 659 4048; x_wconf 86' lang='lat' dir='ltr'>videatur</span> <span class='ocrx_word' id='word_1_276' title='bbox 676 3995 723 4061; x_wconf 67' lang='lat' dir='ltr'>Tb,</span> <span class='ocrx_word' id='word_1_277' title='bbox 740 3996 790 4048; x_wconf 81' lang='lat' dir='ltr'>inc.</span> <span class='ocrx_word' id='word_1_278' title='bbox 809 3995 849 4046; x_wconf 75' lang='lat' dir='ltr'>Ta</span> <span class='ocrx_word' id='word_1_279' title='bbox 924 3994 936 4025; x_wconf 79' lang='lat'><em>²</em></span> <span class='ocrx_word' id='word_1_280' title='bbox 955 3994 1017 4048; x_wconf 83' lang='lat' dir='ltr'>Ood.</span> <span class='ocrx_word' id='word_1_281' title='bbox 1031 3993 1055 4061; x_wconf 86' lang='lat'>8,</span> <span class='ocrx_word' id='word_1_282' title='bbox 1064 3992 1134 4062; x_wconf 83' lang='lat'>41,8</span> <span class='ocrx_word' id='word_1_283' title='bbox 1209 3992 1221 4027; x_wconf 82' lang='lat'>⁸</span> <span class='ocrx_word' id='word_1_284' title='bbox 1240 3991 1281 4061; x_wconf 82' lang='lat' dir='ltr'>Of.</span> <span class='ocrx_word' id='word_1_285' title='bbox 1298 3993 1357 4048; x_wconf 69' lang='lat' dir='ltr'>(tat.</span> 
     </span>
     <span class='ocr_line' id='line_1_36' title="bbox 266 4060 1358 4131; baseline -0.002 -16"><span class='ocrx_word' id='word_1_286' title='bbox 266 4060 461 4128; x_wconf 78' lang='grc'><strong>3,182...208</strong></span> <span class='ocrx_word' id='word_1_287' title='bbox 486 4062 627 4131; x_wconf 57' lang='lat' dir='ltr'>Deusta</span> <span class='ocrx_word' id='word_1_288' title='bbox 653 4062 783 4130; x_wconf 64' lang='lat' dir='ltr'>docus</span> <span class='ocrx_word' id='word_1_289' title='bbox 863 4063 932 4115; x_wconf 74' lang='lat' dir='ltr'>‘ric</span> <span class='ocrx_word' id='word_1_290' title='bbox 950 4060 1037 4126; x_wconf 79' lang='grc' dir='ltr'><strong><em>ΑΡΘ,</em></strong></span> <span class='ocrx_word' id='word_1_291' title='bbox 1057 4071 1084 4116; x_wconf 86' lang='lat' dir='ltr'>et</span> <span class='ocrx_word' id='word_1_292' title='bbox 1105 4065 1137 4115; x_wconf 88' lang='lat' dir='ltr'>ds</span> <span class='ocrx_word' id='word_1_293' title='bbox 1159 4065 1229 4115; x_wconf 80' lang='lat' dir='ltr'>furto</span> <span class='ocrx_word' id='word_1_294' title='bbox 1251 4062 1314 4117; x_wconf 75' lang='lat' dir='ltr'>odd.</span> <span class='ocrx_word' id='word_1_295' title='bbox 1332 4062 1358 4113; x_wconf 92' lang='lat' dir='ltr'><em>B</em></span> 
     </span>
     <span class='ocr_line' id='line_1_37' title="bbox 268 4129 1261 4201; baseline 0.002 -17"><span class='ocrx_word' id='word_1_296' title='bbox 268 4131 279 4163; x_wconf 82' lang='lat'>⁸</span> <span class='ocrx_word' id='word_1_297' title='bbox 296 4133 331 4199; x_wconf 77' lang='lat' dir='ltr'>cf.</span> <span class='ocrx_word' id='word_1_298' title='bbox 345 4132 406 4199; x_wconf 71' lang='lat' dir='ltr'>Dtp.</span> <span class='ocrx_word' id='word_1_299' title='bbox 418 4130 461 4196; x_wconf 78' lang='lat'>44,</span> <span class='ocrx_word' id='word_1_300' title='bbox 471 4131 523 4199; x_wconf 82' lang='lat' dir='ltr'>v‚4</span> <span class='ocrx_word' id='word_1_301' title='bbox 540 4129 612 4200; x_wconf 73' lang='lat' dir='ltr'>(Gai.</span> <span class='ocrx_word' id='word_1_302' title='bbox 625 4131 672 4189; x_wconf 76' lang='lat' dir='ltr'>tu</span> <span class='ocrx_word' id='word_1_303' title='bbox 689 4150 741 4186; x_wconf 77' lang='lat' dir='ltr'>rer.</span> <span class='ocrx_word' id='word_1_304' title='bbox 761 4130 829 4201; x_wconf 81' lang='lat' dir='ltr'>octt)</span> <span class='ocrx_word' id='word_1_305' title='bbox 1257 4183 1261 4195; x_wconf 77' lang='grc'>,</span> 
     </span>
    </p>
   </div>
   <div class='ocr_carea' id='block_1_7' title="bbox 0 0 1676 4917">
    <p class='ocr_par' dir='ltr' id='par_1_12' title="bbox 0 0 1676 4917">
     <span class='ocr_line' id='line_1_38' title="bbox 0 0 1676 4917; baseline 0 0"><span class='ocrx_word' id='word_1_306' title='bbox 0 0 1676 4917; x_wconf 95' lang='lat' dir='ltr'> </span> 
     </span>
    </p>
   </div>
  </div>
 </body>
</html>
