3309 4917
883 453 902 513 6
1145 469 1184 514 nn
1199 471 1268 515 man
1283 470 1433 516 urrunnu

904 639 915 678 1

478 737 525 792 DE
543 737 632 792 IURE
650 737 843 794 NATURALI
859 641 907 793 ἙΙΞΙΤ
926 738 1097 794 GENTIUM
1114 738 1161 793 ΕΤ
1181 738 1303 795 clvlm.

412 842 479 906 ²Ius
495 846 629 906 naturale
643 852 696 920 est,
721 846 800 923 quod
822 854 929 907 natura
951 846 1052 908 omnia
1074 847 1214 907 animalia
1228 847 1336 908 docuit.
1360 866 1431 907 nam

345 950 390 992 rus
413 931 490 992 istud
513 951 573 992 non
596 931 721 992 humani
733 933 861 1010 ‘generis
884 933 1035 1012 proprium
1057 940 1110 1007 est,
1138 934 1190 994 sed
1212 935 1347 994 omnium
1369 933 1432 993 ani·

344 1017 478 1091 molium,
502 1037 579 1095 quae
600 1017 631 1078 in
647 1019 737 1092 caelo,
761 1018 883 1096 quaein
899 1026 985 1093 terra,
1009 1019 1131 1097 quaein
1146 1019 1221 1079 mari
1236 1026 1398 1080 nascuntur
1407 1017 1430 1080 ³.

344 1103 435 1164 hinc‘
463 1103 614 1165 descendit
641 1104 732 1165 maris
761 1112 850 1182 atque
878 1104 1005 1166 feminae
1035 1104 1218 1183 coniugatio,
1251 1122 1342 1182 quam
1376 1125 1432 1166 nos

344 1189 568 1250 matrimonium
583 1190 776 1268 appellamus
799 1191 870 1252 hinc
884 1191 1044 1252 liberorum
1059 1191 1221 1268 procreatio
1242 1197 1270 1251 et
1285 1191 1431 1252 educatio:

344 1275 478 1336 videmus
490 1276 598 1337 etenim
612 1283 706 1337 cetera
718 1296 837 1355 quoque
852 1277 991 1338 animalia
1006 1277 1089 1338 istius
1105 1277 1176 1337 iuris
1191 1276 1293 1354 peritia
1308 1277 1431 1339 censeri.

410 1357 474 1422 ‘Ius
494 1370 592 1424 autem
613 1362 695 1424 civile
708 1365 754 1424 vel
768 1363 901 1442 gentium
926 1364 966 1424 ita
981 1357 1142 1424 dividitur':
1169 1359 1307 1424 ⁵*omnes
1323 1363 1431 1442 populi,

310 1457 325 1509 1
347 1444 411 1526 *qui
433 1448 550 1526 legibus
572 1456 602 1510 et
623 1449 756 1509 moribus
778 1457 937 1526 reguntur,
961 1449 1068 1528 partim
1091 1468 1145 1510 suo
1168 1449 1301 1527 proprio,
1325 1450 1432 1527 partim

346 1531 511 1595 *communi
535 1534 669 1595 omnium
693 1535 850 1595 hominum
873 1535 935 1596 iure
956 1542 1092 1596 utuntur:
1116 1555 1186 1596 nam
1210 1535 1289 1613 quod
1308 1535 1433 1613 quisque

345 1616 486 1698 *populus
509 1620 572 1698 ipse
595 1620 650 1680 sibi
673 1620 718 1680 ius
731 1621 894 1696 constituit,
918 1621 947 1681 id
969 1621 1061 1699 ipsius
1076 1621 1226 1699 proprium
1243 1621 1364 1682 civitatis
1387 1627 1432 1682 est

345 1702 538 1782 *vocaturque
560 1706 605 1766 ius
627 1706 719 1780 civile,
742 1707 827 1784 quasi
849 1707 895 1768 ius
911 1708 1063 1786 proprium
1084 1708 1175 1787 ipsius
1191 1707 1328 1769 civitatis:
1352 1707 1432 1785 quod

345 1788 428 1851 *vero
451 1792 592 1852 naturalis
618 1792 692 1853 ratio
714 1792 790 1853 inter
810 1811 917 1854 omnes
940 1793 1077 1855 homines
1100 1793 1261 1868 constituit,
1294 1794 1323 1853 id
1353 1793 1432 1871 apud

345 1874 464 1938 *omnes
491 1879 615 1957 populos
643 1898 788 1956 peraeque
819 1879 981 1940 custoditur
1003 1888 1181 1957 vocaturque
1210 1879 1256 1940 ius
1286 1879 1430 1958 gentium,

345 1960 443 2040 *quasi
477 1983 536 2041 quo
569 1965 632 2026 iure
665 1984 771 2026 omnes
803 1973 908 2044 gentes
940 1973 1073 2029 utuntur.
1114 1973 1143 2026 et
1176 1967 1302 2044 populus
1334 1966 1432 2043 itaque

344 2046 513 2111 *Romanus
527 2051 635 2130 partim
657 2070 711 2112 suo
727 2052 855 2132 proprio,
879 2054 985 2130 partim
1008 2052 1160 2114 communi
1182 2052 1316 2113 omnium
1337 2051 1431 2113 homi-

345 2133 433 2195 *num
460 2137 523 2197 iure
550 2137 650 2201 utitur.
685 2157 761 2214 quae
790 2137 909 2214 singula
937 2139 1035 2214 qualia
1063 2144 1145 2209 sunt,
1178 2138 1238 2198 suis
1267 2137 1338 2197 locis
1367 2157 1431 2216 pro-

345 2218 530 2299 *ponemus*
587 2221 646 2284 Sed
681 2223 727 2283 ius
761 2222 880 2300 quidem
915 2223 996 2284 oivile
1033 2243 1070 2284 ex
1102 2241 1280 2299 unaquaque
1317 2223 1431 2284 civitate

308 2309 516 2386 2eppellatur,
540 2309 629 2370 veluti
651 2307 893 2370 Atheniensium:
924 2327 996 2369 nam
1019 2307 1044 2368 si
1067 2308 1133 2386 quis
1156 2309 1223 2369 velit
1245 2308 1362 2369 Solonis
1385 2309 1431 2369 vel

343 2392 485 2454 Draconis
501 2396 583 2472 leges
606 2395 753 2474 appellare
774 2395 820 2455 ius
843 2393 925 2455 civile
939 2394 1175 2468 Atheniensium,
1198 2413 1260 2455 non
1283 2395 1430 2455 erraverit.

344 2480 385 2540 sio
408 2480 488 2540 enim
510 2481 616 2553 etius,
641 2500 699 2558 quo
716 2481 841 2558 populus
857 2481 1012 2550 Romanus
1034 2480 1133 2555 utitur,
1157 2480 1202 2540 ius
1225 2480 1306 2540 civile
1322 2479 1429 2540 Roma·

343 2583 451 2625 norum
481 2567 678 2643 appellamus:
712 2567 758 2627 vel
787 2566 832 2627 ius
855 2566 1025 2641 Quiritium,
1057 2586 1116 2644 quo
1139 2565 1264 2639 Quirites
1291 2569 1429 2626 utuntur:

342 2649 472 2711 Romani
487 2651 567 2711 enim
589 2673 608 2713 a
622 2651 745 2725 Quirino
761 2650 888 2724 Quirites
904 2653 1088 2731 appellantur
1096 2651 1119 2714 ⁰.
1143 2653 1194 2713 sed
1209 2651 1345 2729 quotiens
1367 2671 1429 2712 non

344 2735 493 2810 addimus,
524 2738 607 2798 cuins
634 2738 672 2798 sit
694 2737 830 2812 civitatis,
861 2746 997 2799 nostrum
1026 2738 1071 2799 ius
1094 2737 1310 2817 significamus:
1346 2737 1430 2798 sicuti

341 2841 409 2882 curn
439 2829 557 2902 poetam
586 2823 710 2884 dicimus
743 2843 798 2884 neo
826 2825 961 2884 addimus
991 2843 1115 2898 nomen,
1150 2824 1323 2885 subauditur
1351 2822 1430 2902 apud

341 2907 468 2970 Graecos
500 2909 636 2987 egregius
665 2909 828 2984 Homerus,
864 2911 941 2988 apud
974 2927 1030 2971 nos
1053 2911 1206 2989 Vergilius,
1251 2911 1297 2972 ius
1328 2918 1430 2972 autem

340 2995 474 3073 gentium
497 2997 578 3056 omni
594 2997 728 3057 humano
743 2996 845 3074 generi
867 3015 1027 3058 commune
1049 3005 1102 3060 est.
1127 3017 1198 3058 nam
1219 3017 1276 3059 usu
1292 2992 1430 3076 exigente

340 3088 369 3142 et
389 3081 530 3142 humanis
557 3083 778 3144 necessitatibus
807 3089 910 3160 gentes
933 3084 1083 3145 humanae
1105 3085 1249 3162 quaedam
1278 3084 1333 3144 sibi
1349 3099 1428 3145 oon·

340 3165 510 3229 stituerunt:
548 3169 625 3229 bella
651 3169 761 3231 etenim
788 3176 853 3230 orta
882 3177 951 3230 sunt
980 3176 1008 3231 et
1035 3171 1215 3248 captivitates
1249 3177 1365 3230 secutae
1399 3163 1428 3228 et

340 3253 503 3328 servitutes
527 3273 603 3332 quae
626 3263 696 3317 sunt
716 3255 772 3316 iuri
787 3255 914 3316 naturali
929 3256 1101 3317 contrariae.
1123 3255 1187 3316 iure
1205 3254 1285 3314 enim
1300 3253 1427 3316 naturali

339 3339 377 3398 ab
399 3339 481 3401 initio
505 3359 609 3402 omnes
632 3341 768 3404 homines
790 3342 874 3402 liberi
896 3341 1103 3403 nascebantur.
1136 3359 1172 3400 ex
1194 3339 1251 3400 hoo
1272 3340 1335 3401 iure
1357 3359 1428 3418 gen·

339 3425 413 3485 tium
445 3432 474 3488 et
501 3446 607 3489 omnes
636 3448 731 3507 paene
759 3433 926 3488 contractus
957 3425 1113 3487 introducti
1143 3433 1226 3500 sunt,
1257 3433 1290 3486 ut
1318 3425 1427 3504 emptio

339 3511 476 3586 venditio,
499 3514 605 3576 locatio
624 3513 787 3588 conductio,
812 3513 945 3586 societas,
970 3513 1144 3592 depositum,
1168 3519 1305 3573 mutuum
1328 3519 1357 3572 et
1379 3509 1427 3572 atii

338 3596 580 3661 innumerabiles.

405 3681 547 3746 'Constat
575 3692 675 3746 autem
703 3685 749 3746 ius
778 3692 913 3746 nostrum
943 3691 994 3746 aut
1022 3703 1058 3746 ex
1087 3685 1194 3763 scripto
1224 3692 1275 3745 aut
1303 3703 1339 3744 cx
1365 3701 1426 3744 non

303 3769 454 3848 3scripto,
479 3779 511 3832 ut
534 3772 613 3851 apud
628 3771 769 3833 Graecos:
792 3774 858 3834 τῶν
880 3770 993 3853 νόμων
1015 3773 1049 3834 οἳ
1065 3769 1126 3853 μὲν
1148 3771 1313 3854 ἔγγραφοι,
1337 3770 1372 3833 οἳ
1391 3765 1427 3832 δὲ

407 3907 480 3974 ¹0f.
499 3908 558 3960 dat.
578 3904 663 3970 l,1..8
681 3907 741 3975 1259.
756 3906 803 3970 l‚l
881 3908 891 3940 ²
903 3925 949 3974 pr.
969 3925 1000 3960 eor
1023 3907 1084 3974 Ulp.
1103 3909 1120 3959 l.
1140 3906 1155 3960 1
1173 3910 1230 3961 inst.
1250 3905 1322 3975 (Dry.
1342 3904 1426 3974 l,1,1

336 3973 392 4043 53)
459 3977 470 4008 ⁸
487 3978 643 4037 animalium,
662 3979 774 4043 quaein
790 3984 868 4039 terro,
887 3993 953 4044 quae
971 3979 998 4028 in
1016 3979 1082 4028 meri
1095 3979 1352 4044 nascuntur,·avium
1365 3994 1427 4042 quo·

353 4062 387 4097 ne
404 4061 540 4106 commune
558 4054 598 4098 est
614 4045 674 4112 92¹9.
751 4046 841 4097 ‘hinc
859 4047 912 4098 BP
926 4046 994 4114 Diq,
1011 4047 1072 4098 hine
1090 4047 1200 4097 enimA
1273 4047 1284 4078 ⁶
1304 4046 1362 4098 ear.
1377 4043 1426 4108 l,l

336 4061 407 4182 ilDt'q.
421 4113 444 4177 l,
456 4115 480 4179 1,
491 4114 532 4182 9)·
590 4115 655 4166 ‘rio
670 4111 730 4180 ΒΘ,
749 4115 947 4182 appellabantur
959 4113 1035 4166 ΑΡΕ
1105 4111 1178 4176 ⁷53
1195 4117 1231 4167 in.
1250 4132 1280 4167 ecc
1301 4115 1360 4180 Ulp.
1380 4112 1426 4166 Η

335 4183 393 4234 tort.
413 4181 483 4252 (Dap.
504 4183 590 4249 1,1,6
606 4182 662 4250 51)
1392 4188 1395 4195 ’
