3309 4917
875 473 894 533 2

777 557 988 571 m

733 639 842 694 LIBER
861 640 1027 698 TERTIUS.

445 716 459 766 1
492 714 532 764 De
549 709 737 762 hereditatibus
754 728 823 777 quae
840 714 874 766 ab
891 715 1010 767 intestato
1028 715 1180 767 deferuntur

433 786 460 835 11
494 783 535 832 De
551 780 668 846 legitima
685 781 859 846 adgnatorum
875 786 1039 837 successione

419 854 459 904 III
493 851 534 902 De
551 856 657 901 senatus
675 851 794 902 consulto
811 852 973 905 Tertulliano

421 922 459 972 IV
493 921 533 970 De
550 924 658 970 senatus
676 920 794 970 consulto
810 921 936 974 Orfitiano

434 990 459 1040 V
493 990 533 1040 De
551 988 713 1040 successione
731 998 899 1055 cognatorum

421 1060 459 1109 VI
492 1058 533 1109 De
549 1057 675 1124 gradibus
692 1059 853 1124 cognationis

409 1129 460 1178 VII
494 1128 533 1178 De
550 1126 712 1177 successione
728 1125 879 1179 libertorum

395 1198 459 1248 VIII
492 1197 533 1247 De
550 1195 728 1261 adsignatione
745 1195 895 1248 libertorum

422 1267 460 1316 IX
493 1266 533 1316 De
551 1265 677 1315 bonorum
695 1266 900 1331 possessionibus

434 1336 459 1384 X
492 1336 532 1385 Dc
551 1333 722 1398 adquisitione
740 1350 785 1399 per
802 1335 993 1402 adrogationem

422 1405 459 1454 XI
494 1405 533 1454 De
551 1419 581 1453 eo
599 1402 643 1454 cui
659 1402 786 1454 libertatis
804 1419 884 1456 causa
901 1405 970 1456 bona
988 1403 1144 1455 addicuntur

407 1474 458 1524 XII
491 1473 531 1524 De
553 1471 760 1522 successionibus
780 1473 903 1535 sublatis,
927 1489 992 1539 quae
1010 1473 1106 1523 fiebant
1127 1489 1172 1540 per
1190 1474 1316 1526 bonorum
1334 1473 1421 1525 vendi-

542 1541 637 1591 tionem
656 1545 682 1591 et
699 1555 732 1590 ex
749 1550 855 1592 senatus
872 1543 989 1594 consulto
1008 1541 1150 1593 Claudiano

394 1611 457 1660 XIII
491 1610 531 1659 De
548 1609 751 1674 obligationibus

396 1679 457 1728 XIV
492 1679 593 1741 Quibus
610 1678 692 1728 modis
709 1694 737 1729 re
755 1679 914 1729 contrahitur
932 1679 1055 1746 obligatio

409 1747 458 1797 XV
492 1748 531 1797 De
549 1747 687 1797 verborum
704 1747 861 1812 obligatione

396 1817 458 1865 XVI
492 1816 531 1866 De
548 1815 649 1866 duobus
666 1815 717 1866 reis
735 1816 876 1883 stipulandi
893 1824 919 1868 et
936 1817 1099 1884 promittendi

385 1886 459 1936 XVII
492 1887 532 1936 De
549 1884 717 1951 stipulatione
734 1901 868 1937 serronem

370 1955 458 2006 XVIII
491 1956 531 2006 De
548 1955 675 2004 divisione
692 1954 891 2020 stipulationum

396 2024 458 2074 XIX
490 2024 531 2075 De
547 2023 686 2074 inutilibus
703 2025 913 2089 stipulationibus

409 2093 458 2142 XX
492 2094 531 2143 De
549 2092 741 2142 fideiussoribus

395 2163 456 2211 XXI
490 2163 530 2212 De
548 2161 690 2211 litterarum
708 2160 865 2226 obligatione

382 2231 456 2280 XXII
489 2231 530 2281 De
547 2246 675 2281 consensu
692 2229 849 2295 obligatione

368 2301 456 2349 XXIII
489 2301 529 2350 De
547 2299 675 2365 emptione
693 2306 719 2349 et
737 2299 884 2350 venditione

372 2369 456 2418 XXIV
490 2369 530 2419 De
547 2368 673 2419 locatione
691 2374 717 2418 et
734 2368 903 2419 conductione

382 2437 455 2486 XXV
488 2438 529 2488 De
546 2437 667 2488 societate

371 2507 456 2556 XXVI
490 2507 530 2556 De
547 2506 667 2556 mandato

356 2575 458 2625 XXVII
490 2576 530 2625 De
548 2574 750 2640 obligationibus
767 2575 844 2640 qnasi
862 2590 894 2625 ex
913 2579 1047 2624 contractu

344 2645 455 2694 XXVIII
490 2645 539 2694 Per
556 2659 621 2708 quas
638 2658 761 2709 personas
779 2643 853 2694 nobis
871 2643 996 2707 obligatio
1014 2641 1160 2706 adquiritur

368 2713 455 2764 XXIX
489 2713 590 2776 Quibus
608 2713 689 2762 modis
707 2711 829 2778 obligatio
847 2713 946 2763 tollitur

725 2811 835 2874 LIBER
854 2810 1033 2874 QUARTUS.

441 2888 455 2937 I
488 2886 533 2935 De·
546 2883 748 2949 obligationibus
765 2901 832 2949 quae
850 2901 883 2936 ex
900 2885 992 2935 delicto
1010 2889 1152 2934 nascuntur

429 2957 456 3005 II
490 2954 523 3003 Vi
540 2953 666 3004 bonorum
683 2960 814 3020 raptorum

415 3025 456 3075 III
489 3023 529 3072 De
546 3022 603 3088 lege
621 3022 727 3088 Aquilia

417 3093 454 3144 IV
488 3092 529 3142 De
546 3091 648 3142 iniuriis

431 3159 456 3210 V
489 3161 529 3210 De
546 3159 747 3225 obligationibus
765 3177 832 3225 quae
850 3161 926 3226 quasi
944 3177 976 3211 ex
993 3159 1086 3211 delicto
1104 3167 1247 3211 nascuntur

418 3231 456 3281 VI
490 3230 530 3279 De
547 3229 693 3280 actionibus

405 3300 456 3350 VH
490 3297 566 3361 Quod
583 3313 643 3416 caan
660 3313 703 3360 eo,
725 3297 820 3360 quiin
843 3297 929 3347 aliena
950 3301 1075 3361 potestate
1093 3301 1144 3358 est,
1166 3296 1299 3361 negotium
1321 3303 1426 3362 gestum

541 3382 597 3417 esse
632 3367 708 3416 icitur
1361 3417 1371 3422 ἵ,

395 3439 458 3489 VIII
491 3437 532 3487 De
550 3435 687 3486 noualibus
704 3433 848 3485 actionibus
1064 3487 1067 3492 ¹
1363 3423 1366 3434 ¹

419 3508 458 3558 IX
493 3505 520 3556 si
538 3504 683 3570 quadrupes
701 3501 850 3570 pauperiem
868 3501 959 3553 fecisse
977 3501 1071 3552 dicitur

432 3576 457 3624 X
491 3574 531 3624 De
548 3573 589 3623 his
607 3589 652 3639 per
669 3589 734 3638 quos
752 3585 829 3637 agere
847 3587 984 3637 possumus

419 3645 457 3692 XI
490 3643 530 3693 De
548 3641 760 3693 satisdationibus

407 3713 458 3763 XII
491 3712 531 3763 De
552 3712 682 3777 perpetuis
703 3720 729 3762 et
749 3706 936 3774 temporalibus
958 3707 1102 3758 actionibus
1123 3711 1148 3756 et
1170 3719 1236 3770 quae
1258 3703 1291 3754 ad
1313 3703 1423 3754 heredes

542 3780 585 3831 vel
601 3783 630 3831 in
647 3780 753 3831 heredes
770 3781 906 3828 transeunt
937 3822 939 3826 .

390 3852 457 3902 XIII
490 3851 530 3900 De
549 3849 744 3916 exceptionibus

396 3921 456 3970 XIV
490 3920 530 3969 De
546 3918 758 3984 replicationibus

406 3989 455 4038 XV
490 3985 529 4038 De
545 3988 689 4039 interdictis
782 4051 785 4055 ¹

395 4058 457 4107 XVI
490 4058 530 4107 De
548 4072 630 4123 poena
646 4064 741 4113 temere
758 4054 930 4119 litigantium

382 4127 457 4177 XVII
490 4128 529 4178 De
547 4127 632 4178 officio
649 4125 742 4177 iudicis
807 4137 809 4140 ·
934 4125 935 4130 ’

370 4196 456 4247 XVIII
490 4197 530 4247 De
548 4196 658 4262 publicis
675 4193 777 4246 iudiciis
