3309 4917
306 440 383 512 ΝΛ
750 446 958 546 ...Q-
1002 467 1040 511 nn
1055 462 1400 521 oemerrroureoeooru

275 630 289 686 1
377 618 520 681 ²i'urtum
542 627 587 682 est
608 620 797 682 contrectatio
825 619 869 682 rei
899 619 1069 681 frauduloee
1096 620 1143 680 rel
1169 619 1260 698 ipsius
1286 620 1328 681 rei
1348 617 1400 681 vel

308 706 397 767 etiam
419 725 492 768 usus
514 706 577 769 eius
599 705 844 785 possessionisre,
874 706 953 784 quod
980 707 1046 784 tege
1067 706 1192 767 naturali
1215 706 1399 784 prohibitum

273 799 356 856 uest
377 792 541 855 admittere.
576 790 721 853 ²Furtum
744 797 843 855 autem
865 793 911 853 vei
934 811 953 853 a
973 791 1059 853 iurvo
1080 791 1170 853 idest
1183 792 1270 871 nigro
1285 792 1399 853 dictum

308 886 363 952 est,
385 879 465 957 quod
486 880 564 939 clam
586 886 615 939 et
637 879 761 939 obscure
781 878 814 939 ht
828 885 858 939 et
871 879 1046 956 plerumque
1059 884 1160 939 nocte:
1183 878 1262 939 vela
1279 878 1398 940 fraude:

308 965 353 1026 vel
375 984 394 1026 a
415 966 551 1038 terendo,
582 964 611 1025 id
637 971 684 1025 eet
712 964 886 1025 auferendo:
916 964 962 1025 vel
989 963 1141 1025 adraeeo
1167 982 1318 1038 sermone,
1346 962 1399 1042 qui

308 1053 425 1133 φῶρας
446 1050 595 1130 appellent
620 1052 709 1112 fures.
742 1050 837 1111 immo
864 1049 954 1111 etiam
976 1049 1079 1111 Graeci
1100 1046 1166 1112 ἀπὸ
1188 1054 1245 1113 τοῦ
1266 1046 1399 1133 φέρειν’

273 1144 291 1201 8
309 1140 426 1218 φῶρας
447 1136 593 1199 dixerunt.
640 1132 834 1198 ⁴*Furtorum
854 1143 961 1197 eutem·
978 1154 1090 1215 genere
1110 1136 1169 1196 duo
1192 1143 1275 1210 sunt,
1303 1135 1398 1196 mani·

308 1219 431 1284 *testum
453 1228 482 1283 et
505 1240 560 1284 nec
581 1223 782 1284 menifestum.
814 1239 887 1282 nam
901 1229 1078 1299 conceptum
1092 1229 1122 1283 et
1135 1222 1269 1283 oblatum
1284 1222 1399 1300 species

307 1304 420 1385 *potius
443 1306 565 1369 actionis
587 1316 658 1369 sunt
679 1309 757 1369 furto
779 1308 971 1369 cohaerentes
994 1325 1084 1385 quem
1106 1326 1217 1386 genera
1237 1307 1396 1382 furtorum,

308 1389 399 1455 *sicut
419 1393 540 1456 interius
555 1391 731 1473 apparebit.⁴
768 1393 960 1455 ‘manifestus
982 1393 1029 1455 fur
1047 1401 1101 1467 est,
1124 1412 1213 1471 quem
1228 1392 1331 1455 Graeci
1346 1391 1399 1456 ὄπ’

306 1479 495 1563 αὐτοφώρῳ
516 1482 677 1559 appellent:
700 1498 756 1541 nec
778 1480 876 1543 solum
898 1480 924 1540 is
945 1480 996 1557 qui
1017 1482 1048 1540 in
1062 1480 1129 1558 ipso
1142 1480 1220 1540 furto
1234 1479 1398 1557 deprehen-

306 1566 398 1639 ditur,
426 1566 477 1627 eed
499 1567 588 1628 etiam
610 1565 635 1627 is
657 1564 708 1642 qui
730 1582 765 1627 eo
791 1567 857 1627 ioco
878 1565 1115 1643 deprehenditur,
1142 1582 1204 1643 quo
1231 1566 1277 1639 fit,
1306 1566 1398 1627 veluti

306 1652 403 1729 quiin
418 1650 528 1712 domo‘
543 1651 655 1712 furtum
670 1651 736 1711 fecit
752 1658 781 1713 et
795 1651 929 1712 nondum
944 1670 1084 1729 egressus
1099 1650 1221 1712 ianuam
1235 1651 1398 1729 deprehen·

306 1754 358 1797 sus
373 1736 468 1810 fuerit,
484 1742 513 1797 et
527 1736 578 1814 qui
592 1736 623 1797 in
638 1736 743 1797 oliveto
757 1736 902 1797 olivarum
918 1736 1014 1797 autin
1029 1736 1126 1798 vineto
1141 1754 1267 1798 urorum
1281 1738 1396 1799 furtum

306 1822 382 1896 fecit,
405 1822 547 1899 quamdiu
569 1821 600 1883 in
623 1842 658 1884 eo
681 1822 787 1884 elireto
809 1829 861 1883 sut
883 1823 914 1883 in
936 1824 1034 1884 vineto
1055 1823 1105 1883 fur
1118 1822 1319 1901 deprehensus
1341 1822 1395 1885 sit:

305 1908 398 1970 immo
420 1908 543 1970 edemus
569 1908 682 1970 furtum
703 1908 894 1970 manifestum
921 1908 1140 1970 extendendum
1166 1915 1224 1985 eet,
1254 1908 1396 1986 quamdiu

306 2012 374 2055 eam
396 2012 460 2056 rem
482 1996 529 2057 ior
551 2002 655 2056 tenena
671 1995 750 2056 risus
765 1995 810 2056 vel
824 1995 1027 2074 deprehensus
1048 1994 1135 2055 tuerit
1156 1994 1262 2056 sivein
1277 1993 1397 2073 publico

305 2080 367 2142 sire
381 2080 412 2140 in
426 2080 539 2159 privato
554 2081 599 2142 rel
621 2100 639 2140 a
654 2080 774 2142 domino
789 2081 836 2141 vel
851 2081 889 2142 ab
905 2081 971 2156 alio,
995 2088 1153 2158 antequam
1170 2100 1205 2141 eo
1222 2080 1395 2158 perveniret,

256 2200 260 2205 v
305 2185 365 2243 qno
388 2166 516 2244 perferre
538 2182 573 2227 ac
595 2166 742 2244 deponere
764 2184 826 2227 rem
850 2166 1033 2228 destinasset.
1071 2165 1141 2227 'sed
1164 2166 1188 2227 ei
1203 2166 1322 2245 pertulit
1335 2184 1396 2243 quo

305 2251 469 2325 destinarit,
493 2250 610 2312 temetsi
625 2252 862 2329 deprehendetur
878 2270 947 2314 oum
960 2270 993 2313 re
1008 2252 1123 2326 furtiva,
1146 2270 1208 2313 non
1235 2258 1281 2313 est
1301 2254 1395 2312 meni·

305 2338 398 2398 festus
428 2337 483 2397 fur.
525 2332 615 2397 ⁸*nec
643 2336 835 2398 manifestum
860 2337 972 2398 furtum
999 2338 1069 2415 quid
1095 2338 1147 2412 sit,
1177 2355 1214 2399 ex
1242 2337 1289 2399 his
1320 2356 1397 2415 quae

307 2418 450 2483 ’diximus
465 2422 658 2501 intellegitur:
682 2440 753 2483 nem
767 2422 849 2500 quod
870 2423 1062 2485 menifestum
1083 2441 1145 2485 non
1165 2430 1219 2499 est,
1241 2423 1271 2483 id
1286 2423 1396 2485 seilicet

270 2504 378 2572 4*nec
406 2509 596 2570 menifestum
622 2515 676 2571 eet.
722 2507 906 2587 Conceptum
935 2509 1046 2571 furtum
1074 2510 1191 2583 dicitur,
1221 2528 1291 2570 cnm
1316 2509 1396 2587 apud

308 2592 451 2674 *aliquem
473 2595 596 2657 testibus
622 2596 826 2673 praesentibus
854 2596 959 2656 furtive
987 2615 1035 2657 res
1062 2596 1195 2672 quaesita
1221 2602 1251 2656 et
1276 2595 1396 2657 inventa

306 2677 371 2742 bsit:
395 2701 466 2741 nam
482 2681 512 2741 in
528 2678 619 2742 eum⁰
641 2680 758 2759 propria
773 2681 850 2742 ectio
865 2682 1024 2743 constituta
1039 2689 1092 2756 est,
1117 2680 1251 2758 quemvis
1271 2682 1318 2741 fur
1332 2700 1394 2742 non

306 2764 368 2841 *sit,
391 2786 467 2844 quae
490 2767 655 2845 appellatur
669 2766 812 2845 concepti.
846 2768 978 2828 oblatum
998 2768 1110 2828 furtum
1126 2767 1239 2842 dicitur,
1262 2786 1330 2828 cum
1346 2786 1395 2827 res

306 2848 426 2913 *furtiva
441 2853 478 2913 ah
494 2852 591 2929 aliquo
607 2852 658 2913 tibi
674 2853 771 2913 obieta
786 2852 823 2912 sit
839 2871 932 2930 eaque
943 2854 1022 2931 apud
1036 2861 1065 2913 te
1076 2860 1218 2931 concepte
1232 2853 1278 2927 sit,
1293 2851 1395 2929 utique

305 2934 345 2999 *si
368 2956 404 2999 ea
425 2945 525 3000 mente
547 2938 599 2999 tihi
613 2938 681 2998 date
703 2938 799 3011 fuerit,
822 2945 856 2999 ut
875 2939 951 3016 opud
967 2946 997 2999 te
1012 2939 1215 3017 potiusquam
1231 2938 1309 3016 apud
1324 2957 1394 2999 eum

305 3020 370 3101 ‘qni
393 3024 503 3085 dederit
524 3023 739 3100 conciperetur:
769 3042 841 3084 nam
869 3024 936 3097 tihi,
968 3024 1047 3102 apud
1073 3044 1162 3101 quem
1184 3032 1326 3103 concepta
1347 3022 1393 3099 sit,

305 3105 438 3187 *proprie
460 3110 600 3171 adversus
622 3128 691 3170 eum
713 3108 764 3185 qui
787 3109 904 3186 optulit,
931 3109 1066 3187 quamvis
1088 3111 1136 3170 fur
1157 3130 1218 3171 non
1245 3111 1295 3185 sit,
1327 3129 1395 3171 oon·

305 3190 422 3255 *stituta
449 3203 494 3256 est
519 3195 608 3268 ectio,
637 3214 713 3271 quae
741 3196 905 3273 appelletur
932 3196 1032 3259 obluti.
1069 3204 1114 3257 est
1140 3196 1229 3257 etiem
1257 3195 1394 3274 prohibiti

306 3277 390 3341 *furti
406 3281 481 3341 actio
496 3280 636 3342 adversus
651 3298 730 3355 eum,
754 3281 803 3356 qui
818 3280 929 3341 furtum
945 3300 1085 3359 quaerere
1098 3282 1222 3343 testibus
1238 3281 1395 3360 praesenti·

307 3361 378 3425 ‘bus
401 3368 549 3427 volentem
570 3362 776 3444 prohibuerit*
812 3374 961 3444 praeterea
983 3386 1078 3445 poena
1100 3366 1286 3429 constituitur
1301 3369 1395 3429 edicto

306 3451 448 3528 praetoris
475 3470 527 3529 per
554 3450 700 3512 actionem
728 3450 796 3512 furti
825 3470 887 3512 non
916 3452 1035 3515 exhibiti
1064 3454 1203 3515 adversus
1233 3473 1316 3527 eum,
1346 3453 1396 3531 qui

306 3533 443 3597 furtivam
473 3555 538 3596 rem
568 3537 646 3615 opud
674 3555 706 3598 se
735 3537 898 3613 quaesitam
928 3544 956 3599 et
985 3539 1136 3599 inventam
1166 3556 1226 3600 non
1253 3539 1395 3605 exhibuit.

307 3614 374 3681 ‘sed
395 3620 452 3681 hae
474 3622 612 3696 actiones,
635 3622 664 3683 id
686 3630 731 3684 est
753 3622 886 3702 concepti
901 3632 929 3685 et
944 3624 1035 3686 oblati
1056 3631 1085 3684 et
1106 3624 1174 3685 furti
1188 3624 1326 3701 prohibiti
1341 3642 1396 3685 nec

306 3698 383 3767 ‘non
405 3704 475 3767 furti
497 3727 557 3768 non
581 3708 711 3783 exhibiti,
735 3707 766 3769 in
789 3709 1013 3771 desuetudinem
1041 3709 1184 3769 abierunt.
1219 3728 1287 3769 cum
1314 3710 1395 3769 enim

376 3875 1025 3981 ¹§lecDr'9.47,2,1§8⁸(i2oul.l.89cded.)
1077 3878 1098 3977 ι’
1116 3875 1162 3958 §h
1178 3877 1259 3929 ecDi
1275 3874 1394 3957 ,4223'1

300 3946 457 4083 Ἐῖεῖς
467 3948 489 4069 ς
501 3946 659 4083 eruc
676 4019 713 4069 ρ
730 3951 787 4086 ,r
869 3950 1019 4069 ςεῖῖ.
1178 3944 1282 4081 en

301 4102 347 4149 pr.
366 4082 441 4153 (Ulp.
456 4086 473 4138 l.
483 4084 516 4139 41
535 4088 572 4139 od
590 4086 664 4152 ooo.)
739 4087 796 4139 'in
813 4084 898 4154 domo]
917 4084 955 4147 W,
976 4086 1050 4138 domo
1068 4085 1102 4149 A,
1126 4084 1195 4137 domi
1211 4082 1269 4149 Bo,
1289 4085 1340 4137 ino.
1356 4082 1397 4135 T*

307 4152 747 4224 ⁷see...fur=1>tp.4t,2‚5
770 4153 811 4217 §l
890 4156 902 4188 ⁸
923 4151 1174 4219 uot.3,185..188
1253 4156 1312 4208 'oo
1335 4154 1398 4207 W
