3309 4917
311 367 358 435 IV,
372 370 403 425 17
751 377 959 471 „¹2⁰-
1101 394 1140 441 nn
1156 393 1273 439 orricio
1288 395 1406 441 runicis

310 542 410 623 quod1
437 551 505 622 post
527 552 679 624 acceptum
708 546 746 607 ad
768 546 968 608 exhibendum
988 546 1128 607 iudicium
1150 553 1219 609 ante
1240 566 1305 609 rem
1327 548 1408 609 iudi·

310 638 408 693 catam
430 630 602 707 intercessit,
624 631 769 693 rationem
792 633 902 693 habere
924 633 1009 693 debet
1031 633 1127 695 iudex.
1164 634 1243 711 quod
1265 634 1291 693 si
1312 641 1407 711 neget

310 719 349 792 is,
372 737 441 778 cum
465 737 523 795 quo
548 719 586 778 ad
608 718 808 779 exhibendum
831 725 930 779 actum
952 725 1009 793 est,
1038 719 1070 779 in
1092 720 1240 797 praesenti
1261 720 1406 781 exhibere

311 826 343 867 se
358 824 446 883 posse
468 811 496 865 et
511 811 628 882 tempus
644 803 802 865 exhibendi
823 823 912 866 causa
934 811 1014 881 petat
1028 804 1117 882 idque
1131 806 1196 865 sine
1210 805 1405 869 frustratione

311 892 460 972 postulare
482 889 628 963 videatur,
657 890 720 957 dari
745 889 771 951 ei
797 891 897 965 debet,
927 897 960 952 ut
985 898 1085 952 tamen
1108 897 1209 952 caveat
1231 912 1263 953 se
1284 892 1405 953 restitu-

310 986 425 1040 turum:
449 976 528 1053 quod
551 976 576 1036 si
597 995 694 1053 neque
717 975 815 1037 statim
837 977 920 1037 iussu
941 976 1044 1038 iudicis
1065 996 1129 1038 rem
1145 978 1281 1038 exhibeat
1302 998 1406 1055 neque

310 1072 413 1144 postea
436 1061 635 1123 exhibiturum
661 1081 693 1123 se
715 1069 828 1139 caveat,
852 1063 1096 1123 condemnandus
1123 1063 1160 1124 sit
1186 1063 1217 1123 in
1246 1063 1289 1137 id,
1318 1065 1406 1141 quod

275 1150 418 1213 4actoris
446 1148 586 1209 intererat
618 1149 655 1208 ab
687 1148 768 1210 initio
802 1167 864 1209 rem
891 1148 1052 1210 exhibitam
1084 1168 1159 1211 esse.
1211 1148 1243 1211 Si
1272 1149 1405 1212 familiae

312 1234 502 1297 erciscundae
523 1234 629 1295 iudicio
658 1240 756 1295 actum
786 1234 837 1308 sit,
865 1234 998 1312 singulas
1025 1255 1072 1296 res
1095 1234 1220 1313 singulis
1243 1235 1406 1297 heredibus

310 1320 478 1383 adiudicare
500 1320 586 1381 debet
608 1328 647 1393 et,
671 1320 696 1381 si
716 1319 748 1380 in
770 1319 889 1381 alterius
912 1339 1039 1399 persona
1053 1340 1248 1400 praegravare
1266 1321 1404 1383 videatur

310 1407 499 1479 adiudicatio,
529 1407 615 1467 debet
641 1406 722 1467 hunc
743 1406 868 1467 invicem
896 1407 1031 1468 coheredi
1057 1414 1135 1468 certa
1157 1408 1295 1485 pecunia,
1324 1408 1404 1469 sicut

309 1496 368 1555 iam
400 1494 510 1554 dictum
538 1490 618 1566 est²,
646 1492 854 1553 condemnare.
904 1512 939 1552 eo
968 1512 1086 1571 quoque
1114 1493 1236 1554 nomine
1263 1493 1405 1555 coheredi

309 1581 434 1658 quisque
460 1598 514 1640 suo
537 1578 780 1640 condemnandus
807 1584 863 1651 est,
892 1578 971 1655 quod
993 1580 1074 1639 solus
1096 1579 1207 1640 fructus
1230 1579 1401 1641 hereditarii

308 1666 392 1727 fundi
417 1664 545 1743 percepit
570 1670 622 1725 aut
650 1683 713 1725 rem
740 1662 947 1724 hereditariam
974 1665 1102 1742 corrupit
1128 1672 1180 1726 aut
1202 1665 1399 1743 consumpsit.

309 1772 385 1830 quae
400 1751 519 1829 quidem
534 1748 667 1811 similiter
687 1750 763 1810 inter
785 1750 884 1827 plures
899 1768 1016 1827 quoque
1038 1769 1128 1828 quam
1148 1751 1223 1811 duos
1238 1752 1401 1813 coheredes

275 1840 540 1915 5subsequuntur.
591 1836 702 1897 Eadem
729 1834 926 1897 interveniunt
954 1844 982 1897 et
1009 1836 1034 1896 si
1062 1836 1213 1897 communi
1240 1836 1402 1899 dividundo

311 1923 347 1987 de
369 1924 501 2002 pluribus
522 1923 612 1983 rebus
635 1930 732 1983 actum
755 1921 850 1984 fuerit.
896 1922 974 1998 quod
997 1921 1022 1982 si
1043 1921 1080 1983 de
1101 1941 1161 1983 una
1183 1942 1228 1996 re,
1250 1923 1339 1983 veluti
1363 1924 1402 1984 dc

310 2010 416 2084 fundo,
447 2009 472 2069 si
494 2008 613 2087 quidem
640 2008 695 2069 iste
720 2009 830 2069 fundus
853 2009 1009 2069 commode
1029 2007 1201 2086 regionibus
1223 2007 1399 2071 divisionem

310 2096 438 2174 recipiat,
462 2102 560 2175 partes
582 2094 645 2155 eius
668 2094 792 2172 singulis
815 2092 980 2154 adiudicare
1001 2093 1088 2154 debet
1108 2100 1146 2168 et,
1169 2094 1195 2154 si
1216 2093 1305 2155 unius
1327 2114 1400 2171 pars

308 2200 504 2261 praegravare
526 2180 681 2253 videbitur,
709 2180 734 2239 is
757 2178 882 2240 invicem
904 2186 984 2240 certa
1005 2180 1130 2257 pecunia
1151 2180 1235 2240 alteri
1256 2182 1397 2241 condem-

308 2268 426 2329 nandus
449 2274 509 2328 est:
532 2266 611 2343 quod
634 2266 659 2325 si
681 2265 838 2325 commode
852 2264 939 2324 dividi
953 2284 1016 2326 non
1030 2265 1131 2344 possit,
1155 2267 1200 2327 vei
1214 2266 1304 2326 homo
1320 2265 1396 2329 forte

308 2360 360 2415 aut
381 2353 482 2413 mulus
505 2352 559 2413 erit
581 2351 617 2411 de
639 2369 698 2428 quo
721 2356 820 2411 actum
843 2349 889 2424 sit,
912 2352 964 2410 uni
985 2358 1065 2412 totus
1084 2350 1294 2412 adiudicandus
1309 2359 1354 2413 cst
1369 2360 1400 2417 et

273 2446 290 2499 6
309 2438 355 2501 is³
378 2438 460 2501 alteri
482 2445 561 2499 certa
582 2436 707 2516 pecunia
729 2436 983 2500 condemnandus.
1023 2437 1054 2499 Si
1076 2436 1180 2498 finium
1194 2438 1399 2514 regundorum

308 2533 408 2599 actum
430 2524 525 2599 fuerit,
548 2523 688 2602 dispicere
703 2524 790 2585 debet
805 2523 902 2598 iudex,
925 2543 964 2584 an
979 2522 1144 2585 necessaria
1159 2523 1197 2583 sit
1211 2523 1396 2586 adiudicatio.

308 2632 385 2690 quac
411 2631 483 2673 sane
511 2630 572 2672 uno
599 2629 668 2671 casu
696 2610 863 2671 necessaria
891 2616 949 2684 est,
978 2610 1003 2669 si
1030 2607 1256 2670 evidentioribus
1285 2610 1396 2671 finibus

308 2698 450 2776 distingui
477 2716 565 2775 agros
592 2696 777 2758 commodius
806 2696 856 2770 sit,
886 2715 976 2773 quarn
1003 2695 1074 2756 olim
1099 2694 1224 2756 fuissent
1253 2694 1395 2757 distincti:

307 2804 378 2845 nam
402 2791 473 2845 tunc
495 2802 614 2845 necesse
637 2789 682 2843 est
705 2801 741 2843 ex
764 2782 883 2843 alterius
905 2801 977 2859 agro
1000 2788 1114 2859 partem
1129 2780 1258 2857 aliquam
1273 2781 1394 2843 alterius

307 2870 372 2950 agri
395 2870 515 2931 domino
538 2868 705 2929 adiudicari.
744 2887 802 2945 quo
826 2886 896 2928 casu
919 2866 1095 2927 conveniens
1118 2873 1176 2939 cst,
1203 2873 1236 2927 ut
1257 2866 1283 2927 is
1308 2868 1393 2929 alteri

307 2963 387 3018 certa
409 2955 534 3035 pecunia
560 2955 665 3015 debeat
691 2953 892 3015 condemnari.
936 2972 972 3014 eo
998 2951 1136 3030 quoque*
1163 2951 1286 3013 nomine
1312 2954 1394 3015 dam·

307 3042 426 3106 nandus
448 3048 493 3103 est
514 3039 638 3118 quisque
660 3040 717 3101 hoc
738 3038 852 3114 iudicio,
876 3039 955 3116 quod
975 3039 1050 3100 forte
1069 3038 1145 3100 circa
1160 3038 1234 3099 fines
1249 3040 1396 3101 malitiose

281 3203 284 3210 Ι
307 3127 416 3205 aliquid
439 3126 600 3199 commisit,
628 3124 708 3186 verbi
730 3126 824 3202 gratia
846 3125 915 3203 quia
935 3125 1048 3203 lapides
1077 3126 1181 3186 finales
1208 3125 1323 3187 furatus
1349 3133 1395 3187 est

306 3221 359 3275 aut
380 3214 501 3274 arbores
523 3212 627 3273 finales
642 3211 752 3273 cecidit.
784 3210 986 3273 contumaciae
1000 3230 1118 3289 quoque
1133 3210 1255 3273 nomine
1269 3212 1394 3289 quisque

308 3319 343 3362 eo
372 3298 477 3361 iudicio
506 3299 733 3371 condemnatur,
765 3296 853 3359 veluti
882 3297 906 3358 si
937 3298 1002 3374 quis
1030 3298 1148 3359 iubente
1176 3296 1270 3358 iudice
1298 3298 1396 3359 metiri

271 3390 286 3443 7
308 3404 397 3465 agros
419 3404 525 3463 passus
548 3404 609 3445 non
632 3383 726 3445 fuerit.
771 3383 857 3457 Quod
880 3390 979 3443 autem
1005 3383 1068 3444 istis
1093 3383 1205 3444 iudiciis
1232 3382 1318 3443 alicui
1344 3386 1394 3443 ad·

304 3471 468 3533 iudicatum
491 3471 539 3545 sit,
561 3470 590 3530 id
613 3468 712 3531 statim
735 3470 797 3531 eius
819 3469 852 3529 fit
873 3468 920 3530 cui
941 3469 1139 3531 adiudicatum
1163 3475 1216 3529 est.

377 3640 386 3672 ²
407 3639 487 3723 quod]
506 3641 538 3707 P,
556 3642 601 3707 qui
618 3640 682 3693 BE:
706 3638 752 3691 καὶ
769 3636 829 3696 τοὺς
848 3603 968 3705 aconcio
986 3636 1016 3691 δὲ
1033 3642 1078 3690 τοῦ
1095 3634 1177 3703 μέσον
1194 3635 1302 3703 χρόνον,
1320 3634 1395 3690 rovr-

304 3708 360 3761 ἐστι
379 3725 439 3765 τους
456 3707 522 3775 μετὰ
539 3706 719 3776 προκάταρξιν
735 3706 814 3775 μέχρι
826 3706 972 3775 καταδίκης
987 3706 1019 3773 Θ,
1036 3708 1105 3775 quod
1115 3707 1158 3758 oia
1169 3708 1264 3759 recedit
1276 3725 1294 3758 a
1303 3718 1395 3760 nostra

305 3780 413 3832 tectione
479 3777 526 3845 ²4,
536 3776 605 3846 6,20
670 3779 680 3810 ⁸
698 3775 730 3846 is]
749 3778 781 3845 B,
800 3780 823 3830 is
840 3780 952 3832 invicem
964 3777 1016 3828 PE
1076 3777 1089 3808 ⁴
1107 3773 1218 3845 quoque]
1231 3777 1288 3843 Pu,
1307 3796 1357 3846 quc
1368 3778 1395 3830 B
