3309 4917
315 424 398 491 11,20
839 425 879 487 78
1360 443 1399 488 na

318 605 402 672 sunt,
433 597 482 672 qui
512 595 537 655 si
565 595 694 673 quolibet
723 597 780 657 alio
806 597 895 658 modo
922 596 1143 674 intellegantur,
1176 595 1248 656 nihil
1271 595 1400 657 interest.

267 691 302 747 30
323 685 399 746 Huic
421 682 556 761 proxima
578 688 622 742 est
644 682 692 742 illa
713 682 785 743 iuris
803 684 904 759 regula
919 683 994 742 falsa
1009 682 1259 743 demonstratione
1273 681 1403 758 legatum

323 791 383 832 non
406 769 526 847 peremi.
560 769 648 828 veluti
672 768 697 828 si
718 769 783 845 quis
799 768 840 829 ita
854 769 994 846 legaverit
1008 766 1154 830 ‘Stichum
1169 787 1287 829 servum
1303 787 1402 829 meum

321 875 444 917 vernam
473 855 511 914 do
538 851 625 932 lego':
655 854 722 915 licet
748 855 827 916 enim
851 875 911 916 non
935 875 1038 929 verna,
1069 855 1119 915 sed
1147 861 1262 932 emptus
1289 855 1338 928 sit,
1369 855 1405 915 de

322 961 408 1003 servo
424 948 530 1000 ‘tamen
554 947 682 1014 constat,
706 939 777 1002 utile
797 948 842 1001 est
863 942 1004 1018 legatum.
1042 947 1071 1002 et
1093 941 1298 1001 convenienter
1320 940 1344 1000 si
1366 941 1406 1000 ita

324 1026 568 1088 demonstraverit
587 1023 732 1086 ‘Stichum
755 1046 884 1101 servum,
908 1046 996 1104 quern
1019 1047 1037 1087 a
1059 1027 1126 1088 Seio
1149 1024 1228 1098 emi,
1252 1027 1346 1104 sitque
1369 1027 1407 1086 ab

273 1123 305 1176 31
325 1115 382 1174 alio
405 1121 535 1190 emptus,
565 1113 636 1173 utile
663 1113 795 1190 legatum
824 1121 881 1187 est,
910 1113 935 1173 si
962 1114 998 1173 de
1025 1132 1108 1173 servo
1135 1119 1258 1174 constat.
1303 1113 1407 1190 Longe

250 1227 256 1237 ·
323 1199 421 1279 magis
435 1198 553 1274 legatol
568 1200 642 1258 salsa
658 1218 747 1259 causa
762 1219 822 1260 non
839 1206 935 1263 nocet.
969 1199 1057 1260 veluti
1072 1218 1138 1259 cum
1155 1197 1273 1275 itaquis
1289 1199 1405 1258 dixerit:

322 1285 422 1358 ‘Titio‚
447 1282 536 1362 quia²
559 1285 681 1345 absente
695 1305 745 1346 me
759 1285 879 1363 negotia
893 1305 960 1346 mea
975 1285 1093 1358 curavit,
1117 1285 1251 1346 Stichum
1266 1285 1303 1346 do
1318 1279 1404 1360 lego’,

325 1372 369 1432 vel
393 1371 446 1432 ita:
475 1368 578 1448 ‘Titio,
610 1371 678 1448 quia
708 1371 869 1449 patrocinio
897 1371 959 1431 eius
986 1371 1101 1448 capitali
1123 1371 1244 1431 crimine
1265 1371 1405 1431 liberatus
1485 1372 1493 1380 '

322 1477 403 1531 sum,
435 1455 568 1517 Stichum
600 1457 638 1517 do
665 1453 753 1534 lego':
794 1457 862 1518 licet
890 1457 967 1517 enim
995 1476 1091 1534 neque
1116 1457 1235 1534 negotia
1260 1456 1406 1516 testatoris

322 1562 467 1620 umquam
489 1542 581 1620 gessit
596 1542 693 1603 Titius
716 1562 811 1618 neque
834 1543 995 1620 patrocinio
1018 1544 1080 1603 eius
1094 1543 1233 1602 liberatus
1250 1549 1304 1615 est,
1328 1543 1405 1619 lega·

321 1638 385 1690 tum
409 1637 508 1688 tamen
532 1628 617 1688 valet.
652 1629 704 1688 sed
727 1629 753 1688 si
775 1628 1012 1689 condicionaliter
1033 1628 1185 1689 enuntiata
1206 1628 1291 1689 fuerit
1305 1648 1404 1702 causa,

322 1715 399 1776 aliud
415 1715 485 1775 iuris
501 1721 555 1788 est,
578 1714 666 1774 veluti
680 1713 738 1774 hoc
752 1715 856 1776 modo:
878 1709 977 1788 ‘Titi0,
1001 1715 1025 1774 si
1039 1715 1158 1792 negotia
1172 1734 1239 1775 mea
1254 1714 1404 1789 curaverit,

270 1808 305 1862 32
322 1802 448 1862 fundum
470 1799 508 1860 do
530 1796 619 1877 lego³.
657 1799 705 1860 An
728 1819 812 1860 servo
836 1801 951 1862 heredis
973 1808 1049 1861 recte
1070 1802 1218 1878 legamuS,
1248 1801 1404 1879 quaeritur.

314 1895 351 1948 -et
371 1893 487 1948 constat
510 1905 582 1964 pure
603 1885 743 1946 inutiliter
765 1887 859 1964 legari
882 1907 937 1948 nec
957 1887 1114 1964 quicquam
1130 1887 1279 1965 prolicere,
1303 1887 1327 1947 si
1342 1888 1406 1946 vivo

322 1980 458 2035 testatore
480 1972 516 2032 de
538 1980 680 2050 potestate
709 1973 824 2033 heredis
853 1973 965 2048 exierit,
997 1974 1067 2050 quia
1095 1975 1173 2050 quod
1203 1973 1305 2034 inutile
1333 1973 1407 2033 foret

320 2062 462 2139 legatum,
487 2058 511 2118 si
534 2059 634 2119 statim
656 2065 725 2136 post
738 2060 850 2119 lactum
866 2067 1076 2120 testamentum
1092 2059 1263 2120 decessisset
1278 2066 1405 2132 testator,

321 2148 380 2206 hoc
402 2165 463 2204 non
486 2145 571 2204 debet
593 2143 659 2204 ideo
684 2145 794 2216 valere,
825 2145 893 2220 quia
921 2144 1030 2205 diutius
1056 2151 1177 2204 testator
1199 2145 1309 2204 vixerit.
1353 2145 1408 2204 sub

323 2231 495 2292 condicione
517 2249 585 2290 vero
608 2236 689 2292 recte
710 2230 835 2306 legatur,
858 2237 891 2290 ut
912 2229 1106 2306 requiramus,
1129 2249 1177 2302 an,
1201 2249 1260 2306 quo
1277 2237 1410 2306 ternpore
1476 2267 1478 2272 .

272 2321 306 2376 83
325 2317 386 2377 dies
415 2315 504 2393 legati
533 2315 622 2388 cedit,
655 2315 685 2374 in
715 2322 858 2392 potestate
887 2314 1003 2376 heredis
1032 2334 1093 2375 non
1123 2314 1168 2376 sit.
1218 2315 1263 2374 Ex
1293 2314 1409 2376 diverso

324 2402 434 2463 herede
456 2400 589 2461 instituto
612 2420 697 2461 servo
719 2401 791 2478 quin
813 2401 934 2461 domino
956 2409 1032 2461 recte
1054 2401 1141 2462 etiam
1161 2400 1224 2461 sine
1239 2401 1410 2462 condicione

326 2490 453 2566 legetur,
476 2506 538 2546 non
560 2487 718 2548 dubitatur.
756 2507 828 2547 nam
851 2487 919 2548 etsi
935 2487 1033 2548 statim
1049 2495 1115 2565 post
1129 2487 1238 2547 factum
1254 2494 1409 2548 testamen·

326 2583 392 2634 tum
415 2573 572 2634 decesserit
593 2581 723 2649 testator,
746 2593 808 2634 non
831 2581 933 2634 tamen
956 2575 1032 2651 apud
1048 2593 1116 2634 eum
1132 2574 1182 2650 qui
1197 2573 1281 2634 heres
1297 2573 1334 2633 sit
1348 2573 1410 2633 dies

328 2659 418 2738 legati
441 2659 544 2720 cedere
565 2659 757 2737 intellegitur,
787 2679 855 2720 cum
878 2660 1023 2720 hereditas
1045 2679 1064 2718 a
1085 2660 1182 2738 legato
1211 2666 1346 2738 separata
1374 2659 1412 2720 sit

328 2755 357 2807 et
379 2746 473 2825 possit
496 2766 547 2824 per
574 2765 643 2806 eum
669 2765 786 2807 servum
813 2746 887 2806 alius
914 2747 999 2806 heres
1026 2745 1111 2819 effici,
1142 2746 1166 2806 si
1196 2745 1290 2823 priuS,
1320 2765 1409 2822 quam

328 2833 411 2894 iussu
434 2832 545 2893 domini
568 2833 667 2905 adeat,
698 2832 728 2892 in
756 2832 875 2892 alterius
903 2838 1076 2910 potestatem
1103 2833 1262 2892 translatus
1292 2831 1341 2905 sit,
1364 2832 1411 2892 vel

328 2919 534 2980 manumissus
555 2918 618 2997 ipse
640 2919 726 2978 heres
749 2917 885 2978 efficitur:
908 2918 1015 2994 quibus
1038 2918 1154 2978 casibus
1175 2919 1245 2978 utile
1267 2925 1311 2978 est
1332 2920 1411 2996 lega·

328 3013 408 3066 tum:
443 3005 548 3082 quodsi
576 3005 606 3064 in
637 3005 739 3065 eadem
768 3024 858 3064 causa
885 3003 1079 3082 permanserit
1107 3013 1135 3064 et
1164 3004 1246 3064 iussu
1278 3003 1413 3082 legatarii

276 3098 312 3152 34
330 3091 441 3165 adierit,
458 3090 604 3151 evanescit
619 3090 760 3168 legatum.
793 3087 901 3151 3*Ante
915 3091 1031 3151 heredis
1047 3089 1259 3151 institutionem
1274 3090 1412 3150 inutiliter

331 3174 434 3237 *antea
455 3177 623 3253 legabatur,
655 3176 762 3237 scilicet
790 3177 859 3253 quia
879 3183 1055 3237 testamenta
1083 3176 1141 3236 vim
1168 3197 1204 3236 ex
1231 3175 1413 3237 institutione

222 3311 224 3315 .
331 3261 488 3323 'heredum
515 3261 660 3338 accipiunt
686 3269 715 3321 et
738 3263 776 3321 ob
803 3262 832 3322 id
854 3263 942 3322 veluti
968 3269 1056 3339 caput
1077 3269 1165 3339 atque
1186 3263 1412 3322 fundamentum

331 3345 522 3424 *intellegitur
549 3347 638 3406 totius
667 3347 835 3408 testamenti
864 3347 980 3408 heredIs
1008 3347 1159 3408 institutio.
1208 3347 1272 3424 pari
1300 3345 1413 3407 ratione

331 3431 400 3495 *nec
422 3434 541 3493 libertas
564 3439 633 3492 ante
654 3432 770 3492 heredis
784 3433 998 3492 iustitutionem
1014 3433 1081 3492 dari
1091 3429 1228 3510 poterat⁴
1261 3428 1328 3492 <sed
1343 3432 1412 3510 quia

329 3515 459 3578 ‘incivile
481 3537 548 3578 esse
570 3519 738 3595 putavimus
757 3519 890 3579 ordinem
905 3519 1024 3595 quidem
1041 3520 1200 3596 scripturae
1215 3519 1299 3595 sequi
1320 3519 1412 3596 (quod

327 3601 372 3665 <et
393 3603 448 3681 ipsi
476 3603 640 3682 antiquitati
663 3605 889 3683 vituperandum
916 3604 1010 3665 luerat
1031 3605 1155 3681 visum),
1186 3605 1285 3682 sperni
1313 3611 1412 3666 autem

328 3687 490 3750 <testatoris
519 3691 715 3752 voluntatem:
749 3710 803 3769 per
836 3698 968 3752 nostram
1002 3689 1263 3751 constitutionem4
1295 3699 1324 3751 et
1356 3691 1413 3752 hoc

328 3772 446 3836 <vitium
469 3777 701 3851 emendavimus,
724 3784 757 3837 ut
778 3777 862 3838 liceat
885 3783 913 3838 et
935 3783 1003 3837 ante
1025 3776 1140 3837 heredis
1158 3776 1371 3837 institutionem
1385 3783 1414 3837 et

329 3859 421 3922 <inter
443 3861 556 3922 medias
578 3861 721 3922 heredum
741 3861 937 3923 institutiones
952 3863 1081 3939 legatum
1099 3863 1263 3939 relinquere
1277 3871 1307 3924 et
1320 3864 1413 3924 multo

276 3952 310 4006 35
332 3944 442 4026 <magis
464 3947 639 4022 libertatem,
663 3949 746 4010 cuius
768 3968 841 4009 usus
862 3948 1047 4009 favorabilior
1061 3944 1131 4010 est.>
1172 3945 1273 4010 ⁵*Post
1287 3957 1414 4010 mortem

396 4086 460 4137 ¹aic
478 4082 562 4150 ΡΕΘ,
578 4087 693 4156 legatum
711 4085 737 4136 B
807 4082 906 4151 ²quia]
925 4081 1006 4144 With),
1025 4087 1071 4152 qui
1089 4085 1220 4138 BPEWa
1285 4087 1374 4138 ⁸Goi.
1388 4083 1414 4148 2,

327 4152 386 4208 229.
397 4152 450 4209 230
522 4157 534 4187 ⁴
552 4154 614 4207 Cod.
627 4153 652 4220 6,
662 4153 705 4218 23,
713 4153 748 4206 24
818 4155 829 4186 ⁶
850 4155 908 4206 Gai.
921 4152 946 4218 2,
956 4151 1007 4207 232
