3309 4917
239 488 278 533 ns
293 488 343 534 uis
357 486 417 533 era
433 486 511 541 Quos
526 487 574 531 aa.
592 486 674 532 ross.
681 469 890 565 -1-5-9*
1182 462 1230 529 IV,
1242 464 1328 519 9-11

239 649 297 715 tur,
321 641 400 719 quod
422 642 536 702 bonum
559 648 588 702 et
609 660 738 718 aequum
760 641 848 702 iudici
870 639 991 712 videtur,
1013 638 1088 699 tanti
1103 638 1241 700 dominus
1261 658 1329 699 con·

240 729 406 800 damnetur,
430 734 594 788 ceterarum
616 746 726 801 rerum,
750 727 854 805 quanti
877 727 1021 787 damnum
1043 725 1145 786 datum
1167 725 1214 799 sit,
1237 726 1328 803 dupli.

240 820 356 891 praeter
381 814 437 874 has
466 819 566 874 autem
597 812 742 874 aedilicias
771 812 901 875 actiones
932 820 961 873 et
994 811 1030 872 de
1060 811 1198 889 pauperie
1229 812 1328 872 locum

239 899 374 961 habebit:
415 897 597 976 ²numquam
630 900 710 960 enim
744 900 876 961 actiones
909 897 1080 977 praesertim
1117 898 1256 976 poenales
1293 898 1329 957 de

242 985 347 1047 eader'n
370 1005 401 1046 re
423 991 630 1047 concurrentes
654 985 710 1046 alia
733 985 821 1046 aliam
844 983 1002 1047 consumit.

763 1188 811 1249 Xe

442 1297 490 1352 DE
508 1295 568 1351 HIS
586 1296 658 1353 Pus
677 1296 770 1360 QUOS
789 1296 913 1353 AGERE
930 1295 1127 1353 Possumus.

307 1408 428 1472 ³*Nunc
451 1412 630 1473 admonendi
652 1432 756 1473 sumus
780 1432 869 1489 agere
890 1431 979 1490 posse
1006 1411 1166 1488 quemlibet
1194 1418 1244 1471 aut
1274 1429 1328 1471 suo

241 1494 378 1557 *nomine
401 1505 452 1558 aut
474 1499 580 1559 alieno.
615 1498 710 1559 alieno
727 1500 815 1559 veluti
833 1498 1033 1576 procuratorio
1049 1498 1156 1559 tutorio
1171 1496 1327 1568 curatorio,

243 1580 328 1644 *cum
350 1583 421 1644 olim
448 1584 479 1643 in
505 1604 562 1645 usu
587 1584 691 1645 fuisset
720 1585 839 1646 alterius
868 1585 988 1646 nomine
1017 1603 1106 1663 agere
1134 1602 1196 1643 non
1225 1579 1327 1660 posse*

239 1670 296 1729 nisi
311 1689 363 1746 pro
379 1672 497 1747 populo,
520 1690 572 1747 pro
588 1671 729 1745 libertate,
754 1691 807 1749 pro
823 1672 923 1732 tutela.
957 1678 1107 1749 praeterea
1121 1670 1188 1747 lege
1203 1668 1329 1729 Hostilia

239 1755 417 1833 permissum
448 1764 491 1816 est
520 1757 589 1816 furti
617 1776 706 1834 agere
737 1776 841 1818 eorum
870 1758 1005 1830 nomine,
1039 1757 1090 1834 qui
1120 1756 1199 1833 apud
1227 1755 1329 1815 hostes

239 1847 339 1901 essent
363 1847 413 1900 aut
435 1841 475 1901 rei
499 1841 632 1918 publicae
660 1861 750 1902 causa
779 1844 917 1903 abessent
944 1843 1030 1919 quive
1054 1843 1085 1901 in
1113 1861 1216 1903 eorum
1245 1840 1329 1901 cuius

239 1927 330 1986 tutela
352 1934 461 1987 essent.
492 1934 521 1987 et
542 1927 611 2003 quia
632 1928 689 1988 hoc
704 1946 766 1987 non
781 1929 937 1988 minimam
953 1927 1225 1989 incommoditatem
1240 1927 1328 1986 habe-

240 2012 302 2083 bat,
325 2011 404 2088 quod
426 2012 522 2073 alieno
544 2013 666 2073 nomine
688 2032 784 2089 neque
806 2032 895 2092 agere
917 2033 1012 2091 neque
1034 2013 1168 2089 excipere
1182 2012 1331 2073 actionem

239 2098 358 2171 licebat,
389 2106 548 2174 coeperunt
574 2098 710 2159 homines
737 2119 789 2176 per
810 2107 1015 2177 procuratores
1043 2099 1173 2177 litigare:
1205 2118 1277 2158 nam
1299 2106 1328 2157 et

238 2184 362 2244 morbus
385 2191 414 2243 et
430 2192 512 2244 aetas
527 2193 556 2246 et
570 2186 737 2246 necessaria
751 2186 947 2263 peregrinatio
963 2186 1092 2263 itemque
1108 2185 1181 2245 aliae
1195 2182 1329 2245 multae⁴

238 2288 346 2331 causae
373 2289 460 2347 saepe
489 2270 699 2348 impedimento
732 2281 814 2345 sunt,
846 2292 906 2350 quo
935 2272 1035 2333 minus
1066 2291 1129 2332 rem
1159 2290 1244 2331 suam
1274 2270 1329 2348 ipsi

238 2356 360 2432 exsequi
387 2357 508 2433 possint.
554 2358 730 2419 Procurator
758 2376 856 2435 neque
883 2359 969 2419 certis
997 2359 1093 2420 verbis
1122 2376 1219 2434 neque
1248 2358 1362 2434 prae-1

239 2448 322 2502 sente
349 2442 529 2515 adversario,
560 2443 652 2505 immo
681 2445 856 2521 plerumque
882 2445 1038 2522 ignorante
1065 2464 1100 2506 eo
1129 2444 1327 2503 constituitur:

240 2527 414 2603 cuicumque
436 2527 516 2587 enirn
539 2529 704 2606 permiseris
728 2548 791 2589 rem
813 2537 896 2589 tuam
919 2549 1007 2607 agere
1030 2538 1080 2590 aut
1102 2529 1271 2599 defendere,
1304 2530 1328 2586 is

240 2619 412 2690 procurator
433 2612 619 2691 intellegitur.
661 2609 820 2674 ⁵*Tutores
844 2622 872 2674 et
900 2623 1048 2676 curatores
1075 2613 1362 2692 quemadmodum

240 2699 468 2773 constituuntur,
492 2701 588 2776 primo
610 2700 684 2760 libro
707 2700 875 2777 expositum
897 2698 966 2762 est*

759 2904 819 2967 x1⁰

579 3012 626 3067 DE
644 3012 983 3069 SATISDATIONIBUS.

306 3124 551 3189 ‘Satisdationum
575 3129 682 3240 modiis
704 3131 779 3191 alius
794 3130 959 3207 antiquitati
974 3131 1091 3208 placuit,
1108 3130 1199 3191 alium
1215 3130 1329 3191 novitas

278 3233 404 3274 rusum
427 3216 506 3274 aml
632 3264 639 3277 .

241 3235 278 3293 pe
306 3295 400 3361 <Olim
430 3223 629 3362 eniinexalfssit
650 3301 679 3361 in
710 3320 772 3361 rem
804 3304 960 3379 agebatur,
991 3303 1134 3363 satisdare
1161 3298 1330 3379 possessor

241 3382 512 3465 *compellebatur’,
542 3394 588 3460 ut,
616 3387 640 3447 si
663 3388 755 3449 victus
785 3407 840 3448 neo
868 3407 930 3449 rem
958 3388 1054 3465 ipsam
1081 3388 1246 3450 restitueret
1276 3407 1330 3449 nec

243 3469 314 3533 *titis
336 3472 601 3547 aestimationem,
626 3480 755 3550 potestas
778 3483 856 3535 esset
879 3474 993 3552 petitori
1016 3481 1067 3535 aut
1087 3494 1154 3535 cum
1170 3493 1205 3535 eo
1221 3474 1329 3552 agendi

241 3554 307 3619 *aut
329 3580 397 3620 cum
420 3555 670 3621 ‘fideiussoribus'
695 3555 783 3620 eius⁴.
821 3579 898 3637 quae
914 3560 1064 3621 satisdatio
1079 3561 1244 3639 appellatur
1257 3560 1327 3622 iudi·

239 3650 340 3704 catum
362 3646 449 3707 solvi:
473 3646 551 3707 unde
574 3652 672 3706 autem
697 3646 738 3706 sic
761 3647 937 3723 appellatur,
967 3646 1050 3708 tacite
1072 3655 1117 3707 est
1144 3646 1328 3723 intellegere:

240 3748 371 3806 namque
393 3733 547 3809 stipulatur
570 3732 647 3810 quis,
670 3738 702 3793 ut
717 3733 878 3792 solveretur
894 3731 949 3792 sibi
964 3733 1043 3810 quod
1058 3733 1143 3794 fuerit
1158 3734 1328 3795 iudicatum.

242 3814 372 3876 ⁹*multo
388 3818 484 3895 magis
499 3815 549 3891 is⁴,
572 3818 622 3896 qui
638 3818 668 3879 in
684 3838 746 3878 rem
763 3818 878 3879 actione
893 3818 1129 3893 conveniebatur,
1155 3816 1327 3880 *satisdare*

310 3966 379 4028 151
418 3967 961 4038 n.eimilia1)i9.50‚17‚130(Ulpii.)
1031 3972 1101 4039 ²0f.
1115 3968 1329 4034 aas.4‚82..87

240 4036 299 4102 Dap.
313 4034 365 4103 3,3
404 4038 446 4090 od.
459 4036 527 4101 213
598 4040 687 4092 'Gai
699 4038 725 4103 4,
733 4038 767 4091 82
840 4039 975 4107 ‘multant
996 4041 1054 4093 dett.
1071 4058 1128 4091 mim
1149 4038 1180 4101 Θ,
1199 4041 1330 4092 minatae

240 4102 286 4171 (m.
305 4114 330 4157 ot
347 4108 430 4159 ruane
447 4104 483 4174 Β)
502 4108 562 4158 :aaa
630 4110 720 4160 reas.
733 4106 758 4172 4,
768 4106 802 4160 85
869 4108 941 4176 tof.
957 4110 1015 4162 aaa.
1027 4106 1188 4175 4,88..102
1206 4107 1330 4175 nepas

242 4172 384 4239 codas?
453 4176 543 4229 teat
560 4174 584 4242 4,
594 4174 628 4230 89
702 4179 787 4231 ⁸cius
804 4178 854 4229 iao.
871 4178 932 4230 libri
1002 4179 1090 4231 'cat
1103 4178 1127 4241 4,
1138 4177 1180 4233 90.
1190 4176 1232 4232 96.
1242 4176 1285 4233 98.
1294 4177 1330 4230 99
