3309 4917
280 444 434 494 orvrsrorur
806 425 846 486 37
1305 420 1369 484 11,1

281 597 385 676 quaeri
408 596 492 669 solet,
515 595 601 672 quis¹
624 612 727 656 eorum
748 594 876 656 naturali
898 595 1010 656 ratione
1032 594 1170 655 dominus
1193 594 1244 667 sit,
1268 600 1369 655 utrum

284 684 310 745 is
333 683 382 761 qui
404 683 516 754 fecerit,
546 701 585 742 an
613 680 661 742 ille
690 681 786 760 potius
815 681 865 758 qui
888 681 1027 742 materiae
1049 681 1187 741 dominus
1209 679 1308 740 fuerit:
1337 689 1370 741 ut

283 789 351 831 ecce
379 768 404 829 si
432 768 498 845 quis
525 787 562 828 ex
590 767 693 828 alienis
722 767 786 827 uvis
815 773 866 827 aut
895 767 977 827 olivis
1006 775 1057 828 aut
1084 765 1171 845 spicis
1193 765 1294 826 vinum
1317 772 1369 826 aut

281 856 379 918 oleum
401 857 452 915 aut
474 855 656 914 frumentum
678 852 790 924 iecerit,
820 860 872 913 aut
898 872 935 914 ex
962 852 1057 914 alieno
1080 871 1152 913 auro
1174 853 1220 912 rel
1242 859 1368 930 argento

280 943 325 1002 rel
347 960 414 1002 aere
435 955 487 1000 ras
509 939 628 1016 aliquod
653 938 765 1012 lecerit,
794 939 839 1000 vel
866 959 902 1000 ex
924 939 1020 1000 alieno
1043 939 1110 999 vino
1133 945 1163 999 et
1184 939 1271 999 melle
1293 939 1367 998 mul·

280 1047 348 1089 sum
376 1025 539 1099 miscuerit,
569 1026 614 1086 vel
643 1043 680 1086 ex
709 1024 811 1085 alienis
841 1024 1063 1086 medicamentis
1094 1026 1287 1103 emplastrum
1318 1031 1369 1085 aut

280 1112 433 1190 collyrium
455 1110 666 1188 composuerit,
691 1111 736 1172 vel
758 1130 795 1172 ex
816 1109 913 1170 aliena
934 1110 1003 1171 lana
1026 1111 1234 1172 vestimentum
1257 1109 1365 1184 fecerit,

280 1201 327 1260 vel
348 1218 385 1259 ex
407 1198 508 1259 alienis
530 1195 638 1257 tabulis
659 1216 765 1257 narem
788 1197 833 1258 rel
855 1196 1017 1256 armarium
1031 1197 1075 1258 rel
1091 1196 1265 1258 subsellium
1281 1196 1368 1257 fabri·

279 1286 395 1347 caverit.
429 1279 475 1344 ‘et
496 1289 563 1361 post
584 1283 693 1344 multas
714 1282 943 1344 Sabinianornm
967 1290 996 1345 et
1017 1282 1262 1343 Proculianorum
1285 1283 1366 1343 amb·

279 1371 418 1449 ignitates
447 1369 555 1447 placuit
581 1368 677 1429 media
700 1368 846 1430 sententia
866 1362 1123 1441 existimantium',
1151 1368 1175 1428 si
1198 1388 1234 1428 ea
1255 1368 1367 1446 species

278 1457 316 1517 ad
344 1455 499 1517 materiam
527 1451 645 1516 reduoi²
667 1455 772 1532 possit,
803 1473 873 1515 eum
901 1454 990 1515 rideri
1020 1453 1175 1514 dominum
1205 1473 1285 1527 esse,
1315 1453 1369 1530 qui

280 1542 420 1604 materiae
440 1541 580 1602 dominus
602 1541 706 1615 luerat,
729 1541 755 1601 si
776 1560 839 1602 non
861 1541 954 1620 possit
975 1540 1088 1613 reduci,
1112 1559 1181 1600 curn
1204 1538 1301 1616 potius
1323 1541 1366 1599 in·

280 1629 377 1706 tellegi
400 1627 554 1688 dominum
584 1627 634 1703 qui
665 1627 777 1688 fecerit:
806 1633 841 1687 ut
866 1647 932 1688 ecce
954 1646 1005 1687 ras
1028 1626 1189 1686 conflatum
1211 1631 1307 1701 potest
1328 1624 1366 1684 ad

279 1716 383 1776 rudem
405 1733 538 1774 massam
560 1713 637 1774 aeris
659 1714 704 1774 vel
726 1713 841 1791 argenti
864 1714 909 1773 vel
931 1713 994 1774 auri
1016 1712 1125 1786 reduci,
1150 1711 1252 1771 vinum
1267 1717 1367 1772 autem

280 1808 331 1862 aut
353 1801 451 1862 oleum
481 1805 533 1860 aut
560 1799 742 1860 frumentum
771 1800 808 1860 ad
837 1819 909 1860 uras
932 1806 960 1860 et
982 1799 1074 1859 olivas
1097 1805 1125 1859 et
1146 1797 1242 1875 spicas
1264 1797 1368 1858 reverti

280 1905 342 1947 non
365 1883 480 1963 potest³
503 1903 539 1944 ac
560 1903 599 1944 ne
624 1887 756 1945 mulsum
778 1885 897 1961 quidem
925 1885 962 1945 ad
990 1885 1091 1944 vinum
1118 1891 1147 1944 et
1175 1884 1235 1944 mel
1263 1883 1369 1944 resolvi

280 1977 384 2048 potest.
418 1969 524 2047 quodsi
543 1970 649 2046 partim
669 1989 706 2030 ex
726 1989 781 2030 sua
800 1970 923 2031 materia
945 1970 1051 2047 partim
1071 1989 1108 2030 ex
1129 1969 1226 2029 aliena
1241 1969 1369 2046 speciem
1460 2044 1464 2052 ,

282 2058 413 2134 aliquam
427 2055 526 2117 fecerit
540 2054 673 2132 quisque,
697 2056 785 2117 veluti
806 2075 844 2116 ex
866 2075 920 2117 suo
940 2055 1007 2116 rino
1030 2063 1058 2117 et
1081 2055 1176 2115 alieno
1193 2055 1280 2116 melle
1295 2057 1369 2115 mul·

282 2162 350 2205 sum
373 2149 423 2203 aut
444 2161 482 2203 cx
503 2141 565 2201 suis
594 2149 623 2201 et
648 2141 751 2203 alienis
777 2142 999 2204 medicamentis
1022 2142 1215 2220 emplastrum
1238 2147 1289 2202 aut
1311 2143 1368 2202 col-

280 2229 386 2306 lyrium
415 2235 467 2288 aut
495 2247 532 2288 ex
560 2247 614 2288 sua
643 2235 671 2289 et
700 2227 796 2289 aliena
817 2228 888 2288 lana
915 2228 1124 2289 vestimentum
1147 2225 1258 2299 fecerit,
1287 2225 1369 2288 dubi·

279 2315 403 2375 tandum
425 2333 487 2375 non
510 2319 556 2373 est
578 2314 635 2374 hoc
657 2333 727 2375 casu
750 2334 819 2376 eum
835 2333 900 2375 esse
915 2314 1069 2375 dominum
1092 2314 1143 2391 qui
1165 2312 1277 2374 fecerit:
1300 2332 1369 2374 cum
1430 2365 1432 2369 .

279 2421 340 2462 non
359 2401 457 2461 solum
472 2418 594 2477 operam
617 2419 702 2461 suam
718 2400 805 2472 dedit,
828 2401 880 2461 sed
903 2408 930 2461 et
952 2407 1066 2478 partem
1082 2398 1213 2460 eiusdem
1230 2400 1369 2460 materiae

280 2487 446 2564 praestavit.
492 2485 524 2547 Si
547 2491 647 2546 tamen
669 2486 797 2546 alienam
820 2506 981 2564 purpuram
997 2486 1061 2563 quis
1076 2485 1200 2546 intexuit
1214 2504 1269 2546 suo
1284 2484 1368 2546 vesti·
1387 2495 1423 2552 26

281 2580 394 2645 mento,
417 2573 485 2634 licet
507 2571 662 2649 pretiosior
683 2578 728 2633 cst
750 2591 891 2650 purpura,
915 2571 1091 2633 accessionis
1114 2571 1175 2632 vioe
1197 2570 1273 2632 cedit
1286 2571 1370 2632 vesti·

281 2665 396 2719 mento:
426 2666 455 2719 et
477 2656 528 2735 qui
550 2657 689 2718 dominus
711 2657 766 2718 luit
787 2677 948 2736 purpurae,
972 2659 1114 2719 adversus
1137 2677 1206 2718 cum
1229 2656 1279 2734 qui
1302 2657 1370 2717 sub·

280 2744 367 2822 ripuit
395 2744 486 2805 hahet
513 2743 583 2803 furti
605 2744 752 2805 actionem
775 2751 804 2804 et
825 2744 1055 2818 condictionem,
1086 2743 1146 2804 sive
1167 2744 1230 2821 ipse
1252 2750 1297 2804 est
1319 2743 1370 2819 qui
1446 2773 1451 2786 =

281 2830 488 2890 vestimentum
511 2828 590 2902 lecit,
615 2829 675 2890 sire
697 2830 781 2890 alius.
822 2849 893 2890 nam
920 2827 1100 2891 “extinctae
1123 2849 1169 2890 res
1190 2829 1257 2889 licet
1280 2827 1370 2889 vindi·

285 2912 358 2975 *cari
379 2934 441 2974 non
469 2914 597 2991 possint,
627 2915 741 2976 condici
768 2922 869 2976 tamen
898 2935 916 2975 a
943 2915 1056 2976 furibus
1079 2912 1129 2974 et⁵
1151 2934 1169 2974 a
1191 2913 1369 2991 quibusdam

283 2997 362 3060 *aliis
384 2999 602 3077 possessoribus
629 2996 778 3077 possunt*
825 3001 856 3061 Si
883 3001 1009 3061 duorum
1041 2999 1181 3060 materiae
1210 3019 1246 3060 ex
1269 3001 1369 3059 volun·
1389 3007 1422 3061 27

280 3093 339 3146 tate
362 3085 550 3146 dominorum
572 3086 712 3146 confusae
734 3086 802 3159 sint,
829 3093 925 3147 totum
949 3085 978 3145 id
1002 3105 1117 3163 corpus,
1142 3086 1220 3162 quod
1244 3104 1281 3146 ex
1302 3103 1370 3145 con·

280 3172 398 3232 fusione
419 3171 465 3245 fit,
495 3170 648 3248 utriusque
674 3190 834 3233 commune
862 3179 906 3233 est
914 3171 936 3246 ⁰,
968 3172 1054 3232 veluti
1083 3172 1108 3232 si
1136 3172 1187 3248 qui
1218 3171 1287 3232 vina
1316 3190 1370 3232 sua

280 3257 466 3320 confuderint
495 3265 546 3317 aut
575 3276 691 3318 massas
720 3258 835 3335 argenti
857 3259 901 3319 vel
930 3258 993 3319 auri
1016 3258 1216 3318 confleverint.
1250 3255 1322 3319 sed⁷
1345 3256 1370 3318 si

279 3345 411 3405 diversae
432 3343 573 3404 materiae
596 3344 653 3404 sint
676 3351 706 3405 et
726 3346 765 3405 ob
787 3344 817 3405 id
839 3345 957 3423 propria
980 3345 1091 3422 species
1114 3345 1191 3404 lacta
1213 3343 1264 3418 sit,
1296 3344 1370 3404 forte

282 3449 318 3491 cx
340 3430 408 3490 vino
431 3437 460 3490 et
481 3430 569 3490 melle
594 3431 727 3490 mulsum
757 3438 808 3491 aut
838 3449 874 3491 ex
904 3449 977 3492 auro
992 3437 1035 3506 ¹et
1064 3437 1188 3509 argento
1217 3431 1368 3503 electrum,

280 3516 357 3578 idem
380 3516 451 3575 iuris
473 3522 531 3577 est:
559 3535 631 3575 nam
654 3524 683 3577 et
705 3535 740 3577 eo
763 3536 835 3577 casu
858 3536 1048 3577 communem
1071 3535 1136 3577 esse
1159 3516 1287 3594 speciem
1308 3534 1369 3576 non

279 3602 438 3663 dubitatur.
479 3601 584 3678 quodsi
612 3602 731 3663 fortuitu
760 3609 789 3664 et
814 3622 876 3662 non
906 3604 1055 3664 voluntate
1084 3602 1273 3662 dominorum
1302 3621 1372 3662 oon·

279 3688 362 3750 fusae
389 3687 498 3748 luerint
522 3688 569 3748 vel
598 3688 730 3749 diversae
756 3689 899 3749 materiae
926 3691 972 3750 rel
999 3708 1074 3766 quae
1096 3688 1227 3749 eiusdem
1252 3687 1368 3766 generis

283 3782 362 3846 sunt,
386 3773 464 3834 idem
485 3773 556 3833 iuris
579 3793 644 3834 csse
667 3776 783 3851 placuit.
829 3774 942 3847 Quodsi
962 3775 1144 3834 frumentum
1160 3774 1228 3834 Titii
1243 3781 1294 3834 tuo
1310 3773 1369 3834 fru·
1388 3779 1423 3835 28

282 3868 383 3922 mento
406 3859 533 3920 mixtum
556 3859 650 3932 luerit,
675 3860 699 3920 si
722 3861 841 3937 quidem
864 3880 900 3921 ex
917 3862 1066 3922 voluntate
1082 3868 1187 3933 vestra,
1211 3878 1369 3920 commune

352 3959 438 4062 ¹¹q¹¹i⁸
455 3996 527 4059 BT's
548 4003 607 4046 ⁰101
625 3994 696 4045 ΛΤ*
774 3995 885 4062 'redigi
903 3995 929 4045 Β
1009 3995 1074 4048 'sio
1092 3993 1180 4059 ΑΒΘ,
1204 3995 1293 4046 reduci
1317 4011 1370 4045 non

280 4063 445 4199 pomgftlgn
494 4062 668 4200 ⁴2⁶anss
687 4065 750 4184 ml
766 4061 902 4199 tetlddlzt?
912 4065 980 4129 ctat,
997 4065 1040 4116 vel
1054 4065 1080 4114 T
1140 4060 1289 4129 'est]AT,
1306 4063 1370 4115 fitB

311 4150 338 4185 ss
462 4150 519 4184 nrm
561 4152 568 4184 ε
598 4150 626 4183 or
750 4149 764 4184 e
806 4150 819 4185 c
859 4171 866 4185 .
