3309 4917
313 435 335 501 1,
347 435 383 493 26
839 438 879 500 32
1001 457 1039 502 nr
1055 456 1134 502 susp.
1151 457 1221 503 rur.
1237 457 1275 504 ar
1291 457 1400 504 cumr.

314 618 413 672 autem
435 615 585 672 curatores
607 627 678 670 suos
704 628 741 670 ex
768 610 890 672 consilio
912 610 1146 672 necessariorum
1168 618 1319 689 suspectos
1335 631 1402 689 pos·

315 703 386 757 sunt
413 714 551 774 arguere:
585 702 615 756 et
642 695 682 756 ita
704 694 762 755 divi
783 696 909 757 Sevems
936 704 965 758 et
988 695 1155 758 Antoninus
1177 695 1398 775 rescripserunt,

281 788 297 842 5
316 781 475 862 Suspectus
498 789 542 842 est
564 788 678 856 autem,
702 781 753 858 qui
774 801 836 843 nou
859 801 895 843 ex
917 782 974 843 fide
996 782 1119 844 tutelam
1141 782 1229 860 gerit,
1255 782 1323 844 licet
1345 785 1402 845 sol·

314 869 408 930 vendo
431 874 484 941 est,
507 874 540 928 ut
562 874 591 930 et
610 867 741 928 lulianus
764 886 882 945 quoque
904 868 1028 946 scripsit
1063 868 1114 929 sed
1137 867 1186 930 et1
1208 876 1286 942 ante,
1310 888 1402 948 quam

315 953 435 1033 incipiat
456 973 559 1032 gerere
581 952 703 1014 tutelam
726 961 817 1028 tutor,
848 973 936 1033 posse
963 973 1033 1015 eum
1059 954 1144 1031 quasi
1166 961 1335 1033 suspectum
1358 973 1401 1016 re·
1482 996 1485 1004 ·

314 1040 428 1102 moveri
453 1040 531 1100 idem
558 1038 689 1100 Iulianus
717 1038 832 1118 scripsit
863 1046 892 1102 et
919 1040 1083 1101 secundum
1110 1059 1179 1101 eum
1208 1040 1400 1102 constitutum

279 1133 370 1191 test.
415 1124 574 1205 Suspectus
597 1132 696 1186 autem
717 1133 860 1200 remotus,
884 1125 910 1186 si
931 1126 1049 1204 quidem
1072 1127 1110 1187 ob
1133 1126 1244 1204 dolum,
1267 1127 1401 1188 famosus

280 1216 296 1271 1
314 1220 373 1274 est:
396 1212 421 1272 si
442 1213 481 1272 ob
505 1213 631 1291 culpam,
654 1231 717 1273 nun
739 1231 842 1290 aeque.
878 1211 909 1272 Si
931 1211 997 1290 quis
1016 1219 1116 1274 autem
1134 1219 1288 1290 suspectus
1303 1219 1401 1291 postu·

313 1298 404 1372 latur,
433 1298 530 1375 quoad
552 1297 681 1377 cognitio
703 1297 837 1372 liniatur,
863 1297 1043 1359 interdicitur
1069 1297 1095 1359 ei
1116 1298 1345 1374 administratio,
1369 1304 1402 1361 ut

283 1383 481 1462 8Papiniano
503 1384 599 1445 risum
622 1391 676 1445 est.
722 1384 780 1446 Sed
803 1383 828 1445 si
850 1384 977 1462 suspecti
1003 1383 1131 1463 cognitio
1159 1391 1294 1462 suscepta
1315 1385 1403 1446 fuerit

317 1477 478 1550 posteaque
510 1477 589 1530 tutor
622 1471 668 1530 vel
702 1477 818 1554 curator
852 1469 1020 1544 decesserit,
1060 1470 1240 1546 extinguitur
1272 1470 1402 1548 cognitio

283 1556 454 1635 ssuspecri.
504 1555 535 1615 Si
562 1555 627 1632 quis
653 1563 733 1617 tutor
762 1555 879 1634 copiam
909 1555 954 1616 sui
981 1576 1044 1617 non
1072 1555 1172 1630 faciat,
1201 1564 1234 1617 ut
1262 1556 1403 1618 alimenta

316 1643 429 1721 pupillo
442 1642 646 1715 decernantur,
662 1649 781 1703 cavetur
795 1642 920 1719 epistula
934 1641 1069 1703 divorum
1082 1641 1180 1703 Severi
1191 1649 1221 1704 et
1231 1638 1400 1716 Antonini²‚

315 1736 348 1788 ut
377 1728 407 1788 in
436 1727 654 1807 possessionem
680 1729 828 1789 bonorum
855 1727 917 1788 eius
944 1729 1071 1807 pupillus
1099 1728 1243 1788 mittatur:
1274 1735 1303 1790 et
1325 1746 1402 1806 quae

314 1833 400 1874 mora
430 1813 573 1875 deteriora
600 1813 698 1875 futura
727 1821 810 1888 sunt,
842 1813 910 1874 dato
941 1821 1076 1876 curatore
1103 1813 1225 1875 distrahi
1251 1813 1400 1877 iubentur.

315 1920 387 1978 ergo
409 1907 442 1961 ut
464 1907 617 1977 suspectus
639 1902 784 1961 removeri
810 1899 916 1978 poterit
943 1901 1078 1977 quinon
1100 1906 1229 1978 praestat
1250 1900 1400 1962 alimenta.

265 1996 299 2052 10
318 1986 376 2047 Sed
403 1986 428 2046 si
455 1986 521 2063 quis
552 2005 693 2064 praesens
720 1993 809 2063 negat
839 1992 957 2064 propter
988 1987 1118 2064 inopiam
1147 1987 1287 2047 alimenta
1314 2005 1402 2064 posse

317 2073 447 2146 decerni,
476 2072 501 2132 si
526 2072 584 2133 hoo
606 2091 660 2150 per
685 2072 873 2133 mendacium
896 2072 984 2142 dicat,
1014 2072 1223 2133 remittendum
1245 2092 1315 2134 eum
1337 2091 1403 2133 esse

319 2159 356 2218 ad
383 2158 561 2236 praefectum
589 2158 671 2219 urbis
696 2157 879 2234 puniendum
908 2157 1029 2234 placuit,
1060 2157 1135 2218 sicut
1161 2157 1210 2218 ille
1236 2157 1401 2232 remittitur,

266 2258 299 2312 11
318 2242 368 2321 qui
390 2244 458 2304 data
479 2243 604 2321 pecunia
626 2242 822 2303 ministerium
848 2243 956 2302 tutelae
977 2241 1109 2305 redemit.
1157 2240 1310 2304 ³Libertus
1331 2262 1403 2320 quo·

316 2345 388 2406 que,
423 2330 449 2389 si
474 2329 673 2390 fraudulenter
706 2328 832 2404 gessisse
864 2328 985 2396 tutelam
1019 2328 1147 2389 filiorum
1181 2329 1227 2390 rel
1260 2336 1403 2407 nepotum

317 2415 432 2494 patroni
466 2416 619 2495 probetur,
651 2415 688 2475 ad
720 2414 901 2493 praefectum
928 2415 1009 2476 urbis
1040 2414 1195 2476 remittitur
1224 2414 1402 2494 puniendus.

266 2513 300 2568 12
317 2501 481 2563 Novissime
496 2501 648 2562 sciendum
671 2507 716 2562 est
736 2520 797 2576 eos,
821 2501 872 2579 qui
891 2501 1089 2563 fraudulenter
1103 2502 1226 2562 tutelam
1241 2502 1286 2562 vel
1301 2519 1404 2562 curam
1510 2519 1513 2524 ’

317 2587 532 2662 administrant,
556 2587 671 2649 etiamsi
690 2586 762 2648 satis
777 2588 910 2661 offerant,
934 2588 1129 2650 removendos
1151 2608 1169 2648 a
1191 2589 1291 2662 tutela,
1316 2585 1404 2664 ‘quia
1498 2603 1503 2608 ’

233 2725 235 2730 .
320 2673 470 2734 satisdatio
493 2673 674 2752 propositum
689 2673 794 2734 tutoris
809 2673 1010 2735 malevolum⁵
1024 2692 1086 2735 non
1101 2681 1206 2747 mutat,
1229 2674 1282 2736 sed
1296 2673 1404 2734 diutius

267 2769 300 2825 13
319 2759 474 2837 grassandi
489 2760 519 2819 in
535 2780 567 2821 re
581 2759 716 2820 familiari
731 2759 1049 2837 facultatempraestat.
1084 2757 1281 2838 ⁶Suspectum
1292 2752 1402 2818 <enim>

319 2865 388 2908 eum
403 2853 552 2925 putamus,
575 2845 625 2924 qui
640 2846 773 2907 moribus
794 2845 860 2907 talis
883 2852 936 2920 est,
960 2853 993 2905 ut
1008 2853 1161 2924 suspectus
1177 2846 1228 2907 sit:
1254 2843 1404 2906 enimvero

317 2939 396 2994 tutor
417 2928 478 2994 ‘vel
493 2927 625 2994 curato?
648 2931 783 3010 quamvis
799 2951 910 3010 pauper
924 2937 978 3005 est,
1001 2931 1094 2993 fidelis
1108 2938 1209 2994 tamen
1224 2938 1253 2993 et
1267 2930 1404 3010 diligens,
1475 2929 1495 2958 '

316 3019 513 3081 removendus
535 3039 597 3081 nun
620 3025 665 3080 est
687 3018 772 3096 quasi
793 3025 956 3097 suspectus.

387 3169 694 3237 ¹ricO,.etomlibri
768 3168 1120 3307 ²0fimp.26„§1072
1190 3166 1405 3288 ’1111111196

316 3210 825 3376 26,,102(1119..111111111111.1111.)
924 3257 1014 3306 qma..
1041 3232 1405 3304 1111111111119.26,0,61

317 3280 677 3430 §conuenturam
748 3241 1050 3361 ‘malavolunutisit
1126 3275 1405 3372 talemundo,

333 3375 696 3445 0,.8(Ulpldluded)
