3309 4917
320 410 398 477 HM
843 414 884 476 90
1017 434 1056 478 na
1071 433 1310 481 nenrnrrnrrnns
1323 432 1412 500 Quae·

760 501 967 511 ——.

321 593 379 647 est:
413 586 464 647 sed
491 605 559 647 cum
586 584 786 661 emancipatus
816 585 956 648 beneficio
983 587 1124 665 praetoris
1151 586 1182 647 in
1210 593 1324 664 partem
1352 586 1402 647 ad·

271 677 303 732 10
322 672 446 733 mittitur
455 670 476 745 ¹,
505 670 613 745 evenit,
640 675 673 730 ut
698 689 770 731 suus
797 671 883 733 heres
909 693 963 751 pro
985 681 1067 751 parte
1088 674 1175 733 heres
1196 672 1256 735 fiat.
1299 672 1338 733 At
1359 672 1401 746 hi,

320 758 372 835 qui
393 758 568 835 emancipati
590 777 608 817 a
629 763 751 834 parente
772 756 803 817 in
825 759 1013 837 adoptionem
1034 779 1067 819 se
1088 758 1245 831 dederunt,
1268 778 1330 819 uon
1353 758 1401 820 ad·

321 845 477 905 mittuntur
498 844 536 906 ad
558 846 637 905 bona
659 842 800 903 naturalis
822 845 913 922 patris
935 845 1019 923 quasi
1039 845 1137 918 liberi,
1167 844 1192 904 si
1214 844 1303 905 modo
1333 863 1404 905 cum

320 932 346 992 is
368 938 532 992 moreretur
552 930 583 990 in
606 927 741 1006 adoptiva
762 929 872 991 familia
894 931 961 993 sint.
996 951 1067 992 narn
1089 930 1154 992 vivo
1176 950 1211 991 eo
1225 929 1403 1008 emancipati

320 1019 357 1078 ab
381 1017 515 1095 adoptivo
538 1023 621 1094 patre
642 1015 762 1093 perinde
784 1016 979 1078 admittuntur
996 1017 1033 1077 ad
1049 1019 1128 1078 bona
1143 1016 1284 1077 naturalis
1299 1016 1402 1094 patris,

320 1123 355 1165 ac
384 1104 409 1163 si
438 1102 614 1180 emancipati
642 1102 679 1161 ab
709 1100 794 1179 ipso²
823 1110 922 1164 essent
949 1123 1004 1165 nec
1035 1103 1180 1180 umquam'
1206 1102 1237 1164 in
1265 1102 1403 1180 adoptiva

319 1189 430 1251 familia
448 1190 584 1250 fuissent:
607 1195 635 1249 et
656 1188 864 1250 convenienter
878 1191 958 1267 quod
972 1190 1008 1250 ad
1025 1189 1194 1268 adoptivum
1208 1195 1324 1266 patrem
1339 1208 1404 1266 per·

318 1277 391 1337 tinet
414 1282 622 1337 extraneorum
642 1276 708 1335 loco
732 1292 796 1335 esse
817 1276 970 1352 incipiunt.
1006 1283 1073 1355 post
1093 1283 1221 1336 mortem
1237 1294 1305 1335 vero
1320 1281 1405 1335 natu·

318 1362 389 1423 ralis
411 1361 502 1441 patris
524 1360 700 1438 emancipati
721 1361 758 1420 ab
780 1361 916 1440 adoptivo
939 1370 967 1423 et
988 1368 1131 1440 quantum
1155 1362 1192 1421 ad
1213 1361 1294 1422 hunc
1309 1380 1402 1438 aeque

319 1456 525 1509 extraneorum
548 1449 613 1508 loco
635 1446 709 1507 fiunt
732 1452 760 1507 et
782 1454 927 1525 quantum
945 1449 986 1537 ad
1010 1448 1151 1509 naturalis
1173 1447 1302 1525 parentis
1322 1448 1402 1508 bona

318 1534 444 1613 pertinet
470 1534 562 1594 nihilo
589 1531 687 1610 magis
715 1532 875 1594 liberomm
904 1535 1031 1612 gradum
1062 1533 1287 1594 nanciscuntur:
1322 1533 1402 1610 quod

318 1621 382 1681 ideo
412 1620 453 1681 sic
482 1619 603 1697 placuit,
638 1618 706 1695 quia
735 1618 870 1696 iniquum
899 1627 962 1681 erat
990 1639 1055 1681 esse
1083 1620 1114 1680 in
1141 1626 1285 1697 potestate
1309 1619 1400 1696 patris

319 1705 458 1784 adoptivi,
486 1705 522 1765 ad
546 1724 621 1781 quos
643 1704 722 1764 bona
744 1706 887 1766 naturalis
909 1706 999 1784 patris
1022 1706 1212 1784 pertinerent,
1241 1712 1341 1765 utrum
1362 1705 1402 1765 ad

266 1796 299 1851 ll
320 1792 428 1853 liberos
451 1791 513 1853 eins
534 1812 574 1851 an
597 1791 635 1851 ad
657 1790 810 1866 adgnatos.
850 1791 947 1853 Minus
970 1812 1041 1871 ergo
1063 1792 1135 1852 iuris
1149 1792 1260 1852 habeut
1275 1791 1405 1869 adoptivi

316 1897 407 1956 quam
429 1878 588 1940 naturales.
626 1895 756 1953 namque
778 1879 927 1939 naturales
949 1877 1124 1957 emancipati
1153 1877 1293 1939 beneficio
1320 1896 1402 1955 prae·

317 1964 387 2026 toris
410 1964 537 2042 gradum
558 1964 718 2025 liberorum
739 1964 878 2039 retinent,
897 1965 964 2027 licet
983 1965 1045 2026 iure
1061 1963 1136 2026 civili
1150 1965 1288 2042 perdunt:
1313 1964 1400 2041 adop·

316 2050 366 2112 tivi
389 2069 456 2110 reru
486 2049 661 2127 emancipati
687 2056 716 2110 et
742 2050 804 2111 iure
831 2051 906 2111 civili
933 2053 1059 2128 perdunt
1084 2051 1211 2128 gradum
1238 2050 1400 2111 liberorum

316 2143 345 2197 et
367 2156 384 2195 a
407 2142 540 2214 praetore
562 2154 624 2195 non
646 2134 852 2197 adiuvantur³.
897 2144 926 2196 et
946 2144 1038 2199 recte:
1067 2136 1212 2197 naturalia
1233 2136 1314 2196 enim
1334 2136 1401 2196 iura

317 2222 407 2283 civilis
429 2222 502 2282 ratio
524 2239 675 2299 peremere
697 2240 758 2281 non
781 2229 877 2299 potest
891 2240 954 2295 nec,
977 2222 1045 2299 quia
1061 2222 1198 2283 desinunt
1213 2221 1259 2282 sui
1274 2222 1398 2283 heredes

317 2326 394 2380 esse,
425 2307 557 2367 desinere
585 2311 709 2383 possunt
736 2306 785 2367 filii
808 2306 919 2368 filiaeve
941 2315 992 2369 aut
1013 2314 1136 2385 nepotes
1158 2315 1297 2385 neptesve
1318 2327 1398 2369 esse:

317 2392 442 2471 adoptivi
465 2412 533 2453 vero
555 2391 730 2470 emancipati
753 2399 960 2453 extraneorum
984 2394 1049 2455 loco
1071 2393 1213 2472 incipiunt
1232 2412 1306 2466 esse,
1330 2392 1406 2471 qnia.

316 2480 362 2540 ius
385 2497 556 2556 nomenque
578 2478 628 2538 filii
646 2477 768 2553 filiaeve,
792 2480 870 2556 quod
886 2500 937 2558 per
951 2480 1139 2559 adoptionem
1154 2479 1304 2541 consecuti
1319 2488 1400 2554 sunt,

265 2567 297 2621 12
318 2566 376 2627 alia
398 2565 472 2628 civili
494 2565 617 2639 ratione,
640 2564 669 2625 id
692 2573 737 2625 est
759 2565 1001 2643 emancipatione,
1025 2566 1158 2645 perdunt.
1196 2565 1307 2625 Eadem
1327 2565 1404 2647 haec¹

319 2653 512 2713 observantur
533 2657 562 2712 et
583 2650 614 2711 in
630 2669 665 2712 ea
680 2646 827 2712 bonorum
842 2653 1037 2729 possessione,
1061 2672 1150 2730 quam
1166 2658 1268 2713 contra
1283 2651 1401 2712 tabulas

317 2738 487 2799 testamenti
508 2735 637 2816 parentis
659 2736 758 2797 liberis
786 2738 949 2816 praeteritis
977 2738 1018 2817 (id
1047 2745 1093 2799 cst
1119 2757 1215 2815 neque
1241 2737 1400 2799 heredibus

318 2823 458 2886 institutis
480 2843 578 2902 neque
599 2830 632 2883 ut
654 2829 768 2901 oportet
790 2824 985 2902 exheredatis)
1006 2832 1122 2903 praetor
1135 2824 1295 2903 pollicetur.
1320 2844 1401 2886 nam

318 2930 369 2972 eos
392 2910 525 2988 quidem,
549 2908 599 2988 qui
621 2908 652 2969 in
675 2916 817 2987 potestate
839 2911 968 2988 parentis
990 2912 1093 2972 mortis
1115 2918 1247 2989 ternpore
1269 2912 1398 2984 luerunt,

318 3004 347 3058 et
369 2996 569 3074 emancipatos
590 3003 675 3056 vocat
697 3004 812 3073 praetor
839 2997 877 3056 ad
899 3016 966 3059 eam
988 2998 1136 3059 honorum
1164 2997 1397 3075 possessionem:

314 3102 365 3143 eos
388 3102 466 3157 vero,
490 3083 540 3160 qui
562 3082 592 3141 in
614 3082 751 3159 adoptiva
772 3082 884 3144 familia
905 3084 1024 3145 inerunt
1046 3104 1098 3162 per
1115 3084 1172 3145 hoc
1186 3091 1313 3162 tempus,
1337 3101 1395 3159 quo

315 3169 456 3229 naturalis
488 3186 596 3246 parens
628 3175 804 3243 moreretur,
838 3170 959 3247 repellit.
1003 3170 1075 3231 item
1106 3168 1257 3246 adoptivos
1288 3167 1397 3229 liberos

315 3255 516 3332 emancipatos
543 3254 580 3313 ab
610 3253 746 3330 adoptivo
776 3261 858 3331 patre
888 3255 962 3317 sicut
990 3257 1028 3316 ab
1060 3256 1209 3328 intestato,
1241 3255 1280 3314 ita
1307 3254 1398 3329 longe

315 3340 415 3401 minus
438 3346 540 3401 contra
564 3338 678 3399 tabulas
707 3340 874 3401 testamenti
901 3342 938 3401 ad
966 3342 1046 3402 bona
1071 3341 1133 3402 eius
1160 3339 1298 3412 admittit,
1328 3337 1397 3414 quia

264 3428 296 3483 13
316 3425 454 3486 desinunt
476 3425 506 3485 in
529 3424 689 3485 liberorum
712 3444 836 3487 numero
860 3446 934 3490 esse.
968 3425 1155 3488 Admouendi
1176 3431 1275 3485 tamen
1290 3442 1397 3485 sumus

315 3529 375 3584 eoa,
399 3512 448 3587 qui
471 3511 501 3571 in
523 3510 659 3587 adoptiva
682 3510 791 3573 familia
813 3520 883 3573 sunt
905 3512 990 3591 quive
1012 3519 1078 3591 post
1101 3517 1226 3572 mortem
1253 3508 1397 3569 naturalis

313 3597 442 3674 parentis
465 3598 502 3657 ab
525 3596 660 3674 adoptivo
682 3604 764 3683 patre
786 3598 962 3677 emancipati
983 3598 1099 3671 fuerint,
1122 3597 1260 3657 intestato
1275 3604 1397 3673 parente

313 3682 440 3742 naturali
463 3689 580 3743 mortuo
602 3680 669 3744 licet
690 3702 725 3743 ea
747 3691 829 3762 parte
859 3684 956 3757 edicti,
986 3703 1046 3760 qna
1071 3683 1152 3743 liberi
1181 3682 1219 3741 ad
1248 3682 1397 3742 bonorum

313 3768 531 3846 possessionem
564 3774 717 3842 vocantur,
752 3790 814 3831 non
849 3770 1053 3843 admittantur,
1090 3767 1148 3828 alia
1181 3775 1281 3828 tamen
1316 3774 1398 3845 parte

311 3854 417 3927 vocari,
441 3854 470 3913 id
493 3860 618 3932 estque
640 3855 758 3932 cognati
780 3856 909 3917 defuncti
931 3862 1081 3916 vocantur.
1119 3874 1156 3915 ex
1178 3872 1237 3932 qua
1259 3859 1341 3931 parte
1355 3852 1398 3922 ita

203 3962 205 3969 ⁴
312 3940 520 4013 admittuntur,
555 3941 579 4000 si
612 3960 708 4018 neque
743 3942 789 4004 sui
821 3942 944 4003 heredes
976 3941 1058 4003 liberi
1092 3960 1189 4019 neque
1222 3937 1398 4017 emancipati

383 4076 448 4129 ¹aic
465 4076 499 4143 B,
517 4078 545 4128 in
563 4084 635 4143 parte
652 4078 801 4131 admittatur
818 4079 844 4130 T
901 4074 995 4147 ²ips0]
1007 4078 1039 4145 P,
1056 4080 1113 4147 ipso
1131 4088 1204 4147 patro
1215 4076 1271 4131 ΒΤ
1330 4074 1397 4129 ⁸ad·

308 4144 447 4214 iuvantur]
466 4143 527 4213 ΒΘ,
546 4147 701 4199 adhibentur
724 4146 749 4197 T
