3309 4917
284 393 319 458 ΙΙ,
333 394 347 447 1
806 395 846 457 38
1212 415 1251 458 nn
1267 415 1372 462 annon

285 567 348 642 erit,
371 567 441 645 quia
463 567 581 645 singula
603 586 737 644 corpora,
761 567 790 627 id
812 574 858 627 est
879 566 997 644 singula
1012 585 1117 644 grana,
1141 587 1218 644 quae
1233 569 1375 647 cuiusque

285 653 403 732 propria
424 654 551 726 luerunt,
575 673 611 714 ex
633 672 780 714 consensu
800 660 898 713 vestro
913 652 1131 713 communicata
1154 661 1233 715 sunt.
1268 656 1374 732 quodsi

287 759 357 800 casu
386 739 414 798 id
444 739 570 800 mixtum
596 738 683 799 fuerit
714 742 761 800 vel
790 739 886 799 Titius
914 738 943 797 id
965 737 1114 799 miscuerit
1137 739 1202 800 sine
1224 741 1375 803 voluntate

283 832 351 899 tua,
380 845 442 885 non
465 825 577 886 videtur
598 843 757 886 commune
779 844 859 899 esse,
891 823 959 901 quia
981 823 1099 902 singula
1122 843 1245 903 corpora
1267 827 1297 886 in
1321 847 1375 888 sua

285 911 453 972 substantia
475 912 583 971 durant
605 930 660 971 nec
681 912 778 988 magis
799 911 863 972 istis
886 910 1002 970 casibus
1018 929 1177 971 commune
1200 911 1232 972 lit
1246 912 1374 974 frumen-

286 1006 364 1072 tum,
395 1017 485 1074 quam
514 1016 588 1074 grex
618 1000 785 1058 communis
814 1017 879 1058 esse
907 996 1098 1074 intellegitur,
1132 997 1157 1057 si
1179 1016 1285 1076 pecora
1307 999 1376 1060 Titii

285 1084 344 1144 tuis
374 1083 528 1161 pecoribus
557 1081 650 1142 mixta
680 1083 801 1144 luerint:
832 1083 883 1144 sed
913 1083 937 1142 si
967 1083 1004 1142 ab
1032 1083 1173 1143 alterutro
1194 1091 1324 1144 vestrum
1347 1085 1376 1145 id

286 1176 382 1230 totum
405 1169 586 1230 frumentum
609 1169 781 1243 retineatur,
813 1168 844 1229 in
871 1188 935 1229 rem
965 1167 1083 1245 quidem
1113 1169 1188 1229 actio
1211 1189 1263 1248 pro
1286 1171 1375 1231 modo

286 1255 429 1317 frumenti
451 1255 593 1332 cuiusque
615 1263 777 1333 competat,
807 1254 927 1315 arbitrio
954 1260 1053 1314 autem
1075 1253 1177 1315 iudicis
1200 1255 1374 1328 continetur,

235 1350 270 1404 29
288 1349 321 1402 ut
343 1341 388 1401 is1
411 1341 559 1415 aestimet,
589 1342 676 1417 quale
704 1341 846 1418 cuiusque
874 1340 1057 1400 frumentum
1085 1339 1181 1402 fuerit.
1228 1339 1323 1401 ²Cum
1345 1343 1376 1402 in

290 1447 344 1488 suo
367 1428 431 1488 solo
457 1427 562 1505 aliquis
584 1428 681 1487 aliena
703 1427 827 1488 materia
849 1425 1057 1498 aedificaverit,
1088 1425 1149 1503 ipse
1173 1427 1312 1487 dominus
1334 1428 1376 1488 in-

289 1513 434 1589 tellegitur
456 1513 586 1585 aedificii,
610 1513 680 1589 quia
702 1532 792 1573 omne
815 1513 894 1590 quod
909 1512 1110 1572 inaedificatur
1126 1513 1189 1572 solo
1205 1513 1288 1574 cedit.
1323 1533 1377 1574 neo

289 1605 390 1659 tamen
412 1599 477 1659 ideo
499 1599 534 1671 is,
557 1598 607 1674 qui
631 1599 772 1658 materiae
793 1599 932 1658 dominus
954 1599 1057 1670 fuerat,
1080 1598 1186 1658 desinit
1207 1599 1269 1659 eius
1285 1599 1377 1660 domi·

286 1704 344 1744 nus
366 1703 444 1744 esse:
477 1685 528 1744 sed
556 1683 697 1761 tantisper
725 1704 822 1762 neque
844 1684 993 1744 vindicare
1015 1702 1081 1743 eam
1104 1691 1199 1762 potest
1221 1705 1318 1762 neque
1341 1685 1378 1746 ad

289 1770 489 1832 exhibendum
512 1770 548 1831 de
570 1789 606 1830 ea
627 1789 659 1830 re
680 1789 769 1848 agere
783 1778 902 1848 propter
916 1771 1013 1848 legem
1028 1770 1182 1830 duodecim
1198 1771 1376 1844 tabularum,

286 1876 345 1933 qua
367 1862 497 1930 cavetur,
527 1875 566 1916 ne
582 1854 661 1933 „quis
682 1857 800 1934 tignum
829 1857 958 1919 alienum
982 1855 1103 1918 aedibus
1133 1856 1194 1916 suis
1222 1857 1378 1918 inunctum

288 1942 416 2002 eximere
445 1949 582 2019 cogatur,
615 1943 666 2002 sed
694 1943 817 2020 duplum
848 1962 901 2021 pro
931 1962 965 2004 eo
995 1949 1123 2020 praestet
1152 1962 1205 2020 per
1231 1943 1378 2006 actionem

286 2048 363 2105 quae
385 2035 505 2088 vocatur
532 2030 568 2089 de
597 2027 678 2103 tigno
708 2029 807 2089 iuncto
831 2029 1040 2107 (appellatione
1062 2035 1161 2088 autem
1185 2029 1258 2105 tigni
1280 2030 1378 2090 omnis

284 2114 407 2175 materia
423 2114 612 2191 significatur,
637 2133 673 2174 ex
688 2112 765 2189 qua³
781 2115 912 2174 aedificia
927 2114 1027 2189 fiunt):
1051 2114 1131 2188 quod
1146 2113 1211 2173 ideo
1227 2115 1378 2190 provisum

285 2207 339 2274 est,
362 2195 416 2260 <ne
440 2199 570 2260 aedificia
592 2198 720 2259 rescindi
742 2218 866 2260 necesse
889 2193 951 2260 sit'.
987 2199 1037 2258 sed
1061 2199 1086 2257 si
1109 2198 1207 2274 aliqua
1230 2217 1266 2259 ex
1289 2218 1378 2260 causa

285 2286 415 2347 dirutum
437 2285 475 2345 sit
496 2285 670 2358 aedificium,
694 2285 802 2362 poterit
823 2285 965 2345 materiae
980 2284 1128 2359 dominus,
1153 2279 1194 2344 <si
1215 2303 1277 2344 non
1293 2285 1379 2346 fuerit

286 2372 407 2450 duplum
431 2372 491 2431 iam
507 2365 704 2448 persecutus',
729 2377 800 2431 tunc
822 2390 888 2431 eam
905 2369 1052 2430 vindicare
1074 2377 1103 2430 et
1126 2369 1163 2429 ad
1178 2369 1378 2432 exhibendum

233 2473 268 2528 30
287 2456 405 2535 agere4.
450 2454 512 2516 2ΕΚ
534 2457 648 2518 diverso
671 2457 696 2516 si
719 2456 785 2532 quis
808 2457 839 2516 in
855 2456 951 2517 alieno
967 2457 1029 2516 solo
1047 2456 1239 2516 sua-materia
1256 2458 1378 2519 domum

286 2543 487 2617 aedificaverit,
510 2543 588 2603 illius
602 2543 636 2602 fit
652 2542 768 2615 domus,
793 2542 876 2603 cuius
899 2549 929 2603 et
951 2543 1049 2602 solum
1071 2549 1125 2606 est.
1161 2543 1211 2602 sed
1234 2542 1292 2602 hoo
1307 2562 1378 2604 casu

287 2628 427 2689 materiae
450 2628 589 2689 dominus
611 2629 820 2706 proprietatem
843 2628 906 2688 eius
927 2628 1042 2701 amittit,
1066 2628 1135 2704 quia
1151 2629 1301 2688 voluntate
1316 2629 1378 2690 eius

288 2714 414 2774 alienata
427 2714 613 2790 intellegitur,
637 2713 737 2790 utique
760 2712 807 2774 si⁵
829 2732 891 2773 non
908 2715 1066 2792 ignorabat
1087 2714 1117 2773 in
1138 2714 1236 2774 alieno
1260 2715 1323 2775 solo
1347 2735 1379 2776 se

285 2800 451 2862 aedificare:
482 2807 511 2861 et
532 2801 611 2874 ideo,
640 2801 707 2861 lioet
729 2799 826 2860 diruta
849 2803 886 2862 sit
908 2801 1030 2873 domus,
1054 2799 1201 2860 vindicare
1224 2801 1378 2862 materiam

287 2907 349 2948 non
372 2887 463 2966 possit
475 2884 496 2949 ⁸.
538 2895 616 2948 certe
638 2887 709 2946 illud
732 2893 861 2962 constat,
892 2886 917 2946 si
946 2886 976 2945 in
1006 2886 1193 2964 possessione
1220 2885 1395 2949 constituto

288 2974 472 3035 aedificatore
501 2974 555 3035 soli
585 2973 723 3034 dominus
752 2979 832 3051 petat
860 2973 983 3033 domum
1012 2992 1096 3032 suem
1121 2992 1186 3033 esse
1208 2992 1264 3033 nee
1286 2975 1380 3034 solvat

287 3059 413 3136 pretium
440 3060 581 3120 materiae
609 3067 637 3120 et
667 3059 820 3120 mercedes
850 3059 1017 3132 fabrorum,
1048 3078 1136 3136 posse
1166 3077 1235 3118 eum
1258 3078 1310 3136 per
1332 3078 1379 3120 ex·

288 3145 453 3221 ceptionem
476 3145 535 3205 doli
557 3145 628 3206 mali
650 3145 760 3222 repelli,
785 3144 887 3221 utique
909 3145 933 3204 si
956 3145 1053 3204 bonae
1076 3144 1141 3203 fidei
1157 3162 1312 3221 possessor
1327 3144 1380 3204 fuit

288 3230 337 3305 qui
360 3229 553 3290 aedificasset:
586 3249 657 3289 nam
687 3230 790 3290 scienti
812 3230 943 3289 alienum
966 3249 1031 3289 esse
1053 3230 1150 3288 solum
1172 3235 1269 3305 potest
1293 3229 1379 3306 culpa

290 3315 379 3389 obici,
409 3316 488 3392 quod
518 3322 628 3376 temere
656 3315 851 3374 aedificaverit
873 3315 903 3373 in
927 3334 962 3374 eo
985 3314 1061 3386 solo,
1092 3313 1171 3390 quod
1197 3313 1380 3390 intellegeret

234 3403 271 3458 31
292 3401 420 3461 alienum
436 3421 511 3462 esse.
558 3399 609 3460 ²Si
624 3400 719 3460 Titius
738 3400 865 3460 alienam
881 3400 1014 3477 plantam
1035 3399 1066 3459 in
1090 3418 1144 3459 suo
1160 3399 1224 3458 solo
1240 3400 1378 3476 posuerit,

290 3486 382 3563 ipsius
412 3487 480 3546 erit:
514 3493 543 3546 et
571 3506 608 3547 ex
636 3486 751 3546 diverso
778 3486 803 3545 si
825 3485 920 3545 Titius
951 3504 1036 3544 suam
1065 3486 1197 3563 plantam
1225 3484 1255 3544 in
1278 3485 1380 3546 Maevii

290 3572 352 3632 solo
376 3573 514 3650 posuerit,
539 3572 641 3632 Maevii
663 3573 765 3650 planta
787 3571 850 3645 erit,
875 3571 899 3631 si
922 3571 1011 3632 modo
1035 3579 1159 3648 utroque
1183 3590 1253 3631 casu
1268 3572 1381 3633 radices
1397 3571 1418 3600 ³

292 3659 390 3734 egerit.
426 3665 583 3736 antequam
614 3664 713 3718 autem
743 3658 855 3719 radices
879 3657 983 3735 egerit,
1018 3657 1079 3718 eius
1102 3664 1268 3735 permanet,
1297 3658 1381 3719 cuius

293 3751 322 3804 et
343 3743 448 3806 tuerat.
489 3745 562 3804 adeo
585 3742 701 3804 auteml
730 3765 766 3805 ex
795 3764 844 3818 eo,
875 3742 932 3804 ex⁸
961 3763 1019 3821 quo
1048 3744 1159 3803 radices
1187 3743 1248 3820 agit
1269 3744 1379 3821 planta,

360 3877 419 3946 ²is]
440 3880 478 3945 A,
495 3881 521 3931 id
539 3880 576 3943 B,
592 3881 648 3947 ipse
670 3880 695 3930 T
773 3877 934 3940 ²529..31
958 3872 1378 3944 exeatt.2rer.cora(1)tq.

288 3947 400 4014 41‚1‚7,
418 3947 484 4010 510.
499 3947 538 4001 12.
553 3945 597 4016 13)
678 3949 742 4000 ⁸aio
763 3948 820 3998 Ar
838 3945 895 4016 (aed
916 3948 1046 4014 signifieat
1068 3943 1118 4013 T),
1143 3962 1231 3997 omnes
1257 3948 1381 3998 materiae

289 4019 468 4084 significantur
485 4035 518 4070 ex
535 4020 630 4084 quibus
648 4014 692 4084 (ex
708 4034 761 4084 qua
772 4015 808 4084 B)
826 4016 852 4068 Β
863 4017 934 4083 Diffi
1000 4015 1011 4047 ⁴
1027 4013 1114 4082 agere]
1128 4015 1188 4080 Dip.
1203 4011 1236 4078 Θ,
1254 4016 1285 4065 de
1303 4031 1335 4066 ea
1352 4032 1380 4067 re

288 4083 327 4152 (re
345 4105 393 4141 om.
416 4085 466 4155 Ta)
484 4105 526 4155 ag.
546 4087 606 4154 AT,
623 4089 655 4138 de
673 4089 710 4138 eis
727 4103 769 4152 ag.
789 4086 814 4136 B
896 4086 946 4138 lsi
964 4101 1012 4138 om.
1037 4085 1076 4134 Ta
1157 4083 1221 4134 'sic
1239 4084 1278 4150 A,
1295 4092 1381 4151 potest

288 4154 344 4205 ΒΤ
409 4157 507 4209 'enim
524 4157 584 4226 Dip
656 4154 828 4208 ⁸exom.A
