3309 4917
257 468 296 514 nn
311 469 351 515 110
366 469 414 515 cur
429 471 487 517 1111.
504 470 531 515 c.
546 472 575 516 a.
590 472 661 517 nnn.
770 454 831 515 109
1249 450 1341 519 111,11

257 619 473 685 ‘auctoritatem
496 632 629 686 nostram
648 626 918 687 accommodamus.
947 632 976 686 et
990 645 1028 687 ne
1042 625 1130 687 huius
1145 625 1343 704 rescriptionis

259 707 390 771 ‘nostrae
411 711 645 773 emolumentum
669 712 726 773 alia
747 712 861 772 ratione
882 711 997 772 irritum
1019 711 1082 785 fiat,
1106 712 1131 773 si
1152 712 1241 774 fiscus
1263 713 1344 773 bona

258 791 433 875 ‘agnoscere
460 798 596 860 voluerit:
625 804 654 859 et
681 798 713 859 hi
739 798 788 875 qui
815 798 904 859 rebus
931 798 1041 859 nostris
1068 799 1223 859 attendunt
1250 798 1343 861 scient

257 878 426 944 ‘commodo
449 884 618 960 pecuniario
637 884 860 961 praeferendam
874 884 1015 945 libertatis
1030 902 1151 945 causam
1166 892 1195 946 et
1208 884 1250 945 ita
1264 885 1344 945 bona

256 964 411 1046 ‘cogenda
434 976 467 1029 ut
488 970 608 1031 libertas
629 970 677 1031 bis
699 970 781 1031 salva
802 970 849 1043 sit,
873 970 922 1046 qui
945 989 1010 1031 eam
1033 971 1153 1048 adipisci
1174 978 1341 1048 potuerunt,

255 1052 293 1115 ‘si
315 1054 461 1117 hereditas
484 1075 520 1117 ex
542 1064 719 1118 testamento
742 1056 821 1117 adita
842 1053 941 1119 esset?
976 1056 1042 1117 Hoc
1063 1058 1203 1135 rescripto
1219 1058 1379 1118 subrent
1419 1122 1423 1131 ,

256 1148 321 1201 tum
344 1148 388 1202 est
410 1149 438 1203 et
459 1142 644 1204 libertatibus
666 1150 695 1204 et
717 1142 870 1215 defunctis,
894 1161 932 1203 ne
951 1142 1032 1203 bona
1045 1162 1148 1204 eorum
1164 1164 1182 1204 a
1197 1143 1343 1205 creditori·

256 1228 314 1287 bus
335 1227 542 1304 possideantur
564 1236 593 1290 et
614 1235 749 1291 veneant.
783 1235 861 1291 certe
876 1226 1023 1289 siluerint
1037 1249 1074 1290 ex
1088 1229 1145 1290 hac
1160 1249 1250 1291 causa
1264 1230 1344 1291 bona

257 1313 380 1387 addicta,
404 1322 501 1376 cessat
521 1315 669 1377 bonorum
684 1315 825 1377 venditio:
849 1314 942 1376 extitit
956 1314 1036 1375 enim
1051 1315 1179 1376 defuncti
1194 1315 1340 1389 defensor,

256 1406 285 1461 et
307 1400 425 1475 quidem
447 1401 585 1473 idoneus,
609 1401 659 1479 qui
681 1402 718 1462 de
740 1401 833 1463 solido
856 1399 1047 1462 creditoribus
1069 1408 1160 1462 cavet.
1204 1401 1377 1478 Inprimis3

255 1485 313 1547 boc
335 1486 509 1564 rescriptum
532 1488 639 1549 totiens
660 1488 759 1550 locum
780 1487 879 1562 habet,
903 1486 1039 1564 quotiens
1059 1493 1237 1548 testamento
1258 1487 1342 1547 liber-

255 1578 331 1632 tates
347 1574 433 1633 datae
449 1580 527 1636 sunt.
562 1574 631 1652 quid
647 1573 738 1652 ergo¹
755 1574 779 1635 si
794 1574 860 1651 quis
874 1574 1029 1637 intestatus
1045 1573 1188 1635 decedens
1203 1572 1342 1634 codicillis

254 1658 403 1719 libertates
425 1660 536 1721 dederit
557 1680 654 1739 neque
675 1661 754 1723 adita
776 1661 814 1721 sit
836 1662 873 1721 ab
895 1661 1033 1722 intestato
1056 1660 1223 1723 hereditas?
1260 1659 1342 1720 lavor

256 1746 472 1807 constitutionis
494 1746 599 1807 debet²
620 1748 720 1809 locum
742 1746 863 1809 habere.
897 1755 976 1809 certe
998 1747 1022 1808 si
1036 1754 1161 1808 testatus
1178 1747 1298 1807 decedat
1313 1753 1342 1808 et

255 1830 394 1891 codicillis
416 1831 526 1892 dederit
547 1832 722 1906 libertatem,
747 1840 913 1910 competere
934 1853 1000 1893 eam
1020 1833 1132 1893 nemini
1147 1832 1269 1894 dubium
1285 1839 1339 1894 est.

255 1916 341 1977 Tunc
370 1916 572 1978 constitutioni
599 1920 698 1979 locum
730 1936 796 1979 esse
824 1918 915 1978 verba
944 1919 1118 1992 ostendunt,
1153 1937 1221 1979 cum
1251 1923 1376 1979 namot

255 2021 409 2064 successor
437 2004 475 2063 ab
504 2003 641 2065 intestato
671 2002 789 2066 existat:
826 2001 916 2081 ³ergo
945 2004 1086 2080 quamdiu
1116 2004 1261 2065 incertum
1293 2005 1339 2077 sit,

255 2095 355 2149 utrum
386 2089 491 2150 existat
519 2110 557 2151 an
587 2110 662 2165 non,
697 2088 823 2151 cessabit
856 2089 1039 2151 constitutio:
1070 2090 1096 2150 si
1129 2098 1242 2151 certum
1275 2109 1341 2151 esse

256 2174 383 2252 coeperit
405 2176 555 2238 neminem
578 2183 685 2251 extare,
709 2183 780 2237 tunc
802 2176 856 2239 erit
877 2176 1078 2238 constitutioni
1099 2178 1191 2239 locus.
1232 2174 1282 2236 ⁸Si
1303 2176 1338 2251 is,
1356 2180 1375 2236 5

257 2261 306 2337 qui
327 2262 358 2321 in
380 2262 531 2341 integrum
553 2263 666 2325 restitui
688 2270 797 2341 potest,
822 2262 962 2323 abstinuit
984 2283 1017 2324 se
1039 2265 1076 2324 ab
1098 2263 1267 2337 hereditate,
1291 2283 1339 2337 an,

256 2347 411 2423 quamvis⁴
433 2356 529 2426 potest
550 2348 581 2410 in
603 2351 752 2427 integrum
774 2350 898 2424 restitui,
921 2355 1017 2426 potest
1039 2350 1153 2410 admitti
1172 2349 1340 2411 constitutio

256 2441 285 2494 et
307 2435 432 2496 addictio
455 2436 603 2497 bonorum
618 2437 701 2497 lieri?
734 2436 803 2513 quid
819 2455 901 2513 ergo,
926 2435 950 2496 si
965 2442 1032 2513 post
1046 2436 1242 2497 addictionem
1256 2436 1340 2496 liber·

255 2526 350 2580 tatum
373 2523 643 2584 conservandauun
666 2542 756 2583 causa
777 2522 886 2582 iactam
908 2521 939 2582 in
954 2521 1104 2600 integrum
1120 2522 1157 2582 sit
1169 2521 1339 2583 restitutus?

255 2607 355 2684 utique
377 2626 439 2668 non
462 2609 517 2669 erit
539 2609 695 2670 dicendum
717 2608 846 2669 revocari
859 2608 1019 2682 libertates,
1042 2606 1139 2685 quae*⁵
1154 2607 1246 2669 semel
1260 2627 1339 2668 com·

254 2694 410 2770 petierunt.
454 2694 538 2755 Haec
560 2694 728 2755 constitutio
750 2694 918 2756 libertatum
940 2694 1117 2755 tuendarum
1139 2712 1230 2757 causa
1250 2692 1338 2754 intro·
1356 2698 1374 2753 6

254 2780 342 2841 ducta
364 2786 422 2841 ests
444 2799 517 2858 ergo
540 2780 564 2840 si
581 2780 730 2843 libertates
744 2780 844 2842 nullae
858 2780 918 2842 sint
932 2781 1026 2854 datae,
1050 2780 1146 2842 cessat
1160 2779 1337 2843 constitutio.

255 2865 324 2941 quid
348 2883 429 2941 ergo,
454 2865 478 2925 si
500 2865 583 2925 vivus
605 2866 683 2928 dedit
705 2867 854 2928 libertates
875 2868 922 2927 vel
943 2867 1048 2927 mortis
1069 2886 1159 2928 causa
1180 2873 1218 2941 et,
1242 2885 1281 2927 ne
1302 2867 1339 2927 de

253 2949 311 3009 boc
326 2957 493 3025 quaeratur,
517 2958 616 3011 utrum
638 2952 669 3013 in
691 2952 824 3013 fraudem
843 2952 1019 3014 creditorum
1035 2972 1074 3013 an
1089 2972 1149 3014 non
1165 2953 1275 3013 iactum
1290 2951 1337 3026 sit,

253 3035 360 3096 idcirco
382 3036 471 3097 velint
493 3034 587 3098 addici
607 3037 664 3099 sibi
685 3040 774 3113 bona,
798 3058 838 3099 an
853 3039 990 3101 audiendi
1005 3044 1094 3100 sunt?
1126 3047 1156 3101 et
1170 3038 1268 3117 magis
1282 3044 1336 3113 est,

253 3128 287 3181 ut
307 3120 401 3182 audiri
423 3122 558 3198 debeant,
581 3123 636 3185 etsi
658 3124 793 3187 deficiant
814 3127 904 3186 verba
920 3125 1146 3189 constitutionis.
1180 3120 1255 3187 ‘Sed
1268 3144 1338 3186 cum
1357 3130 1384 3209 7,

253 3203 379 3269 ‘multas
405 3208 562 3271 divisiones
591 3210 734 3272 eiusmodi
765 3211 966 3273 constitutioni
993 3212 1097 3275 deesse
1125 3210 1338 3290 perspeximus,

253 3289 328 3355 <lata
350 3301 395 3355 est
417 3315 435 3355 a
457 3290 544 3357 nobis'
565 3297 737 3373 plenissima
760 3296 958 3373 constitutio⁸,
982 3298 1013 3360 in
1035 3318 1125 3376 quam
1148 3299 1258 3359 multae
1276 3316 1339 3375 spe·

252 3377 326 3443 <cies
349 3380 493 3444 collatae⁷
515 3390 594 3457 sunt,
618 3383 725 3460 quibus
747 3384 793 3445 ius
813 3384 983 3445 huiusmodi
999 3384 1192 3447 successionis
1208 3383 1338 3463 plenissi-

252 3463 351 3529 <mum
374 3476 419 3529 est
441 3470 591 3531 effectumt
619 3489 693 3547 quas
714 3489 752 3533 ex
772 3471 839 3547 ipsa
859 3471 983 3533 lectione
1004 3470 1221 3534 constitutionis
1243 3478 1339 3549 potest

252 3549 333 3631 <quis
355 3550 562 3634 cognoscere?

324 3706 333 3738 ¹
352 3708 374 3758 si
393 3708 451 3774 quis
463 3709 584 3761 ..babere
601 3724 633 3759 ea
650 3706 711 3775 059.
723 3704 766 3770 40,
776 3704 828 3772 5,2
846 3704 921 3775 (Uip.
934 3709 951 3761 l.
964 3703 999 3761 60
1010 3709 1047 3761 ad
1058 3706 1110 3775 ed.)
1174 3708 1303 3763 ’debebit
1320 3710 1346 3760 Τ

255 3773 386 3843 ⁸§4fira
400 3776 444 3837 §5
462 3794 494 3830 ecc
510 3774 833 3845 m9.40,5,4pr.§1.2
851 3775 926 3846 (Uzp.
939 3775 1004 3831 160
1021 3777 1058 3830 ad
1075 3775 1127 3845 ed.)
1179 3778 1339 3845 ‘quamvisl

252 3842 571 3967 {idgnZZeO,Tquamdiu
582 3843 644 3914 Dry.
711 3848 722 3879 ⁶
735 3843 811 3914 quaa]
824 3846 886 3915 Dic.
898 3845 931 3914 θ,
943 3848 1006 3912 quia
1017 3849 1078 3901 libri
1143 3848 1154 3879 ⁸
1168 3846 1230 3900 0001.
1241 3846 1296 3911 7,2,
1305 3846 1338 3898 15
