3309 4917
290 418 366 485 IV‚1
732 422 942 517 *Q*
986 439 1025 484 na
1039 439 1287 487 oauroarrournns
1301 438 1383 497 onan

290 590 475 655 ‘huiusmodi
490 590 664 670 impunitate
679 598 709 652 et
726 592 758 652 in
773 592 864 653 alium
881 611 1009 667 servum,
1033 592 1083 669 qni
1105 592 1198 671 possit
1219 594 1381 673 corrumpi,

255 683 272 737 9
290 676 363 741 ‘tale
385 678 499 739 facinus
520 698 539 739 a
559 677 738 756 quibusdam
753 673 960 757 perpetretur.>
999 674 1288 741 ²*1nterdumetiam
1310 679 1383 742 libe·

291 760 408 827 *rorum
423 764 579 826 hominum
601 762 713 824 furtum
735 764 775 837 tit,
797 764 887 826 veluti
901 763 926 825 si
940 764 1007 841 quis
1021 764 1182 825 liberorum
1196 771 1381 840 nostrorum,
1400 766 1404 773 '

239 853 272 909 10
291 847 356 929 *qni
371 851 401 911 in
416 856 559 929 potestate
573 856 675 910 nostra
690 848 727 910 sit
734 846 758 924 ²,
775 851 933 927 subreptus
948 850 1043 912 fuerit.
1077 849 1264 928 ²Aliquando
1278 859 1381 913 autem

291 933 395 998 *etiam
415 956 486 998 suae
501 935 543 997 rei
564 936 689 1013 quisque
710 936 822 996 furtum
845 936 1011 1009 committit,
1034 936 1123 997 veluti
1145 936 1171 997 si
1186 937 1300 999 debitor
1314 958 1381 999 rem

291 1020 396 1101 'quam
419 1020 552 1085 creditori
575 1021 706 1100 pignoris
728 1040 817 1085 causa
839 1021 918 1082 dedit
940 1022 1127 1084 subtraxerit.

239 1110 270 1167 11
357 1105 541 1170 ⁸'Interdum
562 1107 632 1168 furti
646 1114 771 1181 tenetur,
794 1108 845 1185 qui
859 1108 922 1186 ipse
943 1108 1056 1169 furtum
1069 1126 1132 1168 non
1147 1109 1259 1170 fecerit:
1283 1110 1383 1185 qualis

291 1190 359 1269 *est,
382 1195 465 1256 cuius
488 1212 544 1271 ope
565 1199 596 1255 et
618 1192 739 1255 consilio
762 1194 874 1254 furtum
896 1194 1006 1255 factum
1029 1199 1082 1256 est.
1117 1194 1148 1255 in
1171 1213 1230 1272 quo
1253 1214 1381 1256 numero

291 1277 359 1355 *est
382 1280 433 1357 qui
454 1278 506 1340 tibi
528 1298 669 1341 nummos
689 1280 826 1354 excussit,
850 1286 882 1341 ut
897 1280 972 1341 alius
987 1299 1039 1341 eos
1054 1287 1178 1358 raperet,
1201 1286 1254 1340 aut
1268 1281 1383 1364 obstitit

290 1363 366 1439 *tibi,
390 1372 423 1427 ut
445 1367 519 1427 alius
541 1385 604 1427 rem
619 1373 702 1427 tuam
717 1366 871 1443 exciperet,
895 1367 941 1427 vel
955 1384 1026 1426 ores
1040 1373 1092 1426 aut
1106 1367 1197 1427 boves
1213 1373 1281 1427 tuas
1295 1366 1383 1444 fuga·

291 1449 387 1527 *verit
410 1459 442 1513 ut
464 1452 539 1513 alius
562 1471 612 1513 eas
634 1452 793 1530 exciperet:
817 1460 846 1513 et
867 1452 925 1512 boc
945 1458 1057 1513 veteres
1077 1452 1258 1529 scripserunt
1279 1452 1316 1513 de
1331 1470 1379 1527 eo,

291 1534 355 1615 *qui
378 1558 478 1615 panno
501 1539 591 1599 rubro
613 1537 725 1615 fugavit
751 1545 932 1599 armentum.
968 1538 1019 1599 sed
1049 1537 1074 1597 si
1100 1537 1171 1615 quid
1198 1557 1302 1598 eorum
1329 1558 1384 1615 per

291 1621 454 1685 *lasciviam
477 1630 505 1684 et
526 1643 588 1684 non
611 1623 679 1683 data
701 1643 804 1701 opera,
832 1630 864 1683 ut
887 1623 998 1683 furtum
1028 1622 1240 1697 admitteretur,
1269 1624 1381 1684 factum

291 1705 359 1783 *est
381 1704 428 1769 <in
451 1709 562 1771 factum
584 1704 675 1771 actio>
698 1709 761 1769 dari
784 1704 914 1771 debeat*
950 1716 980 1769 at
1001 1709 1052 1769 ubi
1080 1728 1137 1786 ope
1159 1709 1262 1770 Maeuii
1284 1709 1381 1770 Titius
1425 1702 1428 1708 ’

289 1796 400 1855 turtum
423 1794 536 1870 fecerit,
564 1796 653 1856 ambo
676 1794 745 1856 furti
766 1801 914 1856 tenentur.
950 1813 1007 1873 ope
1028 1794 1150 1856 consilio
1177 1795 1240 1856 eius
1262 1814 1381 1874 quoque

268 1882 278 1931 Γ
290 1881 401 1942 furtum
424 1880 538 1944 admitti
561 1881 682 1956 videtur,
712 1880 762 1958 qui
785 1882 881 1941 scalas
907 1881 981 1942 forte
1007 1881 1143 1942 fenestris
1167 1882 1306 1959 supponit
1329 1888 1381 1942 aut

290 1965 370 2045 ipsas
386 1967 529 2028 fenestras
544 1967 589 2027 uel
605 1967 713 2028 ostium
730 1966 867 2045 effringit,
890 1973 923 2026 ut
937 1967 1012 2028 alius
1027 1967 1139 2027 furtum
1154 1967 1272 2041 faceret,
1295 1968 1382 2044 quive

291 2053 469 2114 ferramenta
483 2052 521 2113 ad
536 2052 753 2131 effringendum
769 2060 819 2113 aut
833 2054 930 2113 scalas
944 2060 977 2113 ut
992 2053 1128 2113 fenestris
1143 2049 1381 2131 supponerentur

222 2138 529 2212 (12)[commodaverit,
545 2138 641 2199 sciens
653 2138 736 2199 cuius
747 2138 843 2213 gratie
856 2138 1094 2201 commodaverit
1114 2146 1192 2199 certe
1203 2138 1254 2216 qui
1266 2139 1380 2202 nullam

290 2243 412 2302 operam
438 2224 475 2283 ad
501 2223 612 2284 furtum
639 2223 806 2285 faciendum
832 2224 973 2298 adhibuit,
1005 2226 1057 2286 sed
1082 2232 1199 2286 tantum
1223 2224 1380 2285 consilium

289 2309 368 2370 dedit
383 2317 471 2387 atque
485 2310 620 2369 hortatus
635 2317 679 2370 est
694 2310 730 2369 ad
746 2309 859 2370 furtum
880 2309 1056 2385 faciendum,
1080 2330 1143 2372 non
1163 2316 1277 2371 tenetur
1298 2309 1379 2372 furti.

188 2400 277 2469 1203)
289 2396 337 2468 Hi,
361 2394 412 2473 qui
433 2395 464 2457 in
486 2396 653 2473 parentium
668 2396 714 2457 vel
731 2395 921 2457 dominorum
941 2403 1082 2474 potestate
1104 2403 1184 2470 sunt,
1207 2396 1233 2456 si
1251 2415 1313 2458 rem
1337 2395 1382 2457 eis

290 2480 462 2559 subripiant,
485 2482 597 2542 furtum
611 2480 731 2558 quidem
746 2480 802 2542 illis
817 2482 930 2543 faciunt
943 2489 973 2544 et
986 2502 1034 2545 res
1049 2483 1080 2543 in
1102 2482 1240 2543 furtivam
1256 2501 1381 2544 causam

289 2567 366 2630 cadit
387 2586 442 2628 nec
465 2568 503 2628 ob
525 2568 555 2628 id
577 2568 614 2628 ab
638 2568 698 2629 ullo
727 2568 849 2646 usucapi
878 2576 988 2647 potest,
1018 2577 1179 2645 antequam
1205 2568 1237 2628 in
1267 2567 1392 2640 domini,

288 2660 462 2732 potestatem
485 2660 654 2728 revertatur,
678 2654 729 2715 sed
752 2654 821 2715 furti
843 2655 918 2716 actio
940 2675 1002 2716 non
1026 2654 1165 2727 nascitur,
1189 2653 1258 2731 quia
1273 2672 1328 2715 nec
1343 2672 1382 2714 ex

219 2740 345 2813 (14)a1ia
366 2740 427 2800 ulla
449 2758 539 2800 causa
560 2747 656 2818 potest
677 2739 754 2801 inter
775 2758 826 2801 eos
842 2740 917 2801 actio
933 2741 1029 2803 nasci:
1052 2740 1077 2801 si
1100 2759 1168 2800 vero
1183 2758 1240 2817 ope
1253 2738 1382 2800 consilio

288 2826 407 2886 alterius
430 2826 541 2887 furtum
564 2826 674 2887 factum
696 2826 796 2901 fuerit,
825 2826 894 2903 quia
915 2826 1016 2904 utique
1037 2827 1149 2888 furtum
1172 2823 1380 2900 committitur,

287 2912 496 2973 convenienter
517 2912 565 2973 iile
586 2912 655 2973 furti
676 2918 801 2985 tenetur,
825 2911 895 2989 quia
909 2931 1012 2973 verum
1026 2918 1071 2973 est
1093 2930 1149 2989 ope
1171 2912 1296 2973 consilio
1314 2912 1383 2973 eius

288 2998 401 3060 furtum
424 2998 535 3059 factum
558 3018 633 3062 esse.

185 3086 274 3158 1305)
354 3080 471 3143 *murti
494 3090 593 3144 autem
615 3082 690 3145 actio
712 3084 739 3143 ei
760 3082 909 3160 competit,
932 3082 1016 3144 cuius
1037 3081 1160 3143 interest
1181 3102 1245 3143 rem
1263 3083 1379 3144 salvam

289 3165 379 3243 *essa
403 3169 469 3231 licet
486 3168 624 3229 dominus
640 3188 700 3229 non
724 3168 774 3230 sit:
797 3168 897 3245 itaque
919 3188 974 3229 nec
988 3165 1110 3228 domino
1126 3167 1211 3228 aliter
1226 3168 1377 3245 competit,

185 3250 393 3331 14(16)*quam
417 3256 441 3316 si
463 3255 525 3315 eius
546 3254 660 3314 intersit
681 3271 744 3313 rem
761 3273 823 3314 non
846 3253 948 3331 perire.
989 3250 1095 3313 ‘Unde
1118 3260 1233 3313 constat
1254 3253 1379 3313 credito·

289 3336 368 3401 *rem
390 3342 426 3402 de
448 3340 572 3418 pignore
594 3339 732 3416 subrepto
755 3338 824 3399 furti
846 3357 936 3415 agere
957 3335 1076 3417 posse,⁴
1099 3338 1215 3398 etiamsi
1236 3338 1377 3398 idoneum

287 3426 448 3487 debitorem
463 3426 582 3498 habeat,
598 3424 667 3501 quia
682 3423 798 3501 expedit
812 3424 840 3483 ei
854 3423 970 3501 pignori
985 3423 1083 3502 potius
1098 3422 1269 3483 incumbere
1284 3442 1377 3499 quarn

287 3510 316 3569 in
340 3529 498 3587 personam
521 3529 622 3587 agere:
648 3506 735 3570 *adeo
750 3509 869 3585 quidem
883 3516 925 3585 ut,
950 3509 1085 3588 quamvis
1100 3508 1163 3586 ipse
1179 3508 1292 3569 debitor
1307 3527 1377 3569 earn

289 3592 367 3655 *rem
390 3595 580 3673 subripuerit,
610 3596 702 3656 nihilo
725 3594 825 3656 minus
856 3596 992 3658 creditori
1021 3594 1160 3672 competit
1189 3594 1265 3655 actio
1296 3593 1377 3657 furti.

183 3677 396 3757 15<1r)4‘1tem
427 3680 452 3740 si
483 3682 555 3741 fullo
584 3681 721 3759 polienda
749 3682 916 3743 curandave
946 3688 998 3743 aut
1028 3680 1191 3742 sarcinator
1224 3680 1381 3742 sarcienda

288 3764 477 3837 *vestimenta
499 3768 633 3828 mercede
655 3774 734 3829 certa
756 3767 899 3851 acceperit
925 3787 1018 3845 eaque
1039 3766 1116 3827 furto
1139 3765 1286 3841 amiserit,
1315 3767 1380 3844 ipse

288 3848 372 3913 *furti
394 3853 483 3914 habet
505 3852 660 3927 actionem,
683 3874 745 3916 non
768 3853 916 3928 dominus,
940 3854 1010 3932 quia
1024 3852 1137 3913 domini
1159 3852 1232 3913 nihii
1254 3852 1378 3913 interest

287 3935 368 4000 *eam
383 3958 449 4000 rem
465 3958 526 4001 non
542 3939 644 4018 perire,
666 3959 734 4001 cum
750 3938 856 4001 iudicio
870 3940 957 4001 locati
971 3960 990 4000 a
1003 3940 1116 4000 fullone
1129 3945 1180 3999 aut
1195 3938 1379 4000 sarcinatore

293 4095 296 4102 ¹
357 4075 445 4127 1(ἶαὶ.
462 4073 489 4139 3,
506 4074 564 4131 199.
579 4072 631 4130 200
711 4072 786 4141 ¹sit]
808 4075 867 4141 AB,
892 4083 917 4129 st
936 4075 985 4142 0⁶,
1008 4082 1070 4129 sunt
1096 4073 1245 4141 Tfoftioi,
1266 4074 1317 4128 inc.
1338 4072 1379 4124 Τ(1

286 4142 479 4212 ³6ai,3,202
549 4142 827 4210 *uat3,203..205
