3309 4917
642 575 752 630 LIBER
770 575 916 632 PRIMUS.

325 647 339 696 I
372 645 412 695 ΒΘ
429 644 528 696 iustitia
546 652 572 696 et
588 645 645 699 iure

312 716 339 765 Π
372 715 413 764 ΒΘ
430 715 487 764 iure
503 715 620 766 naturali
637 725 663 768 st
680 718 797 783 gentium
814 725 841 769 et
859 718 930 770 civili

298 785 338 835 Ill
372 784 412 834 De
429 783 486 834 iure
503 799 671 849 personarum

300 853 337 904 IV
371 853 411 903 ΒΘ
428 852 549 918 ingenuis

312 923 337 971 V
371 923 412 972 ΒΘ
429 921 556 972 libertinis

301 992 339 1042 VI
374 990 426 1053 Qui
443 1006 477 1041 ex
494 991 589 1055 quibus
606 992 694 1042 causis
710 993 893 1044 manumittere
910 1010 962 1046 nou
980 1001 1089 1060 possunt

287 1061 339 1112 VH
373 1061 412 1110 De
430 1060 488 1126 lege
505 1060 582 1110 Fufia
599 1061 710 1111 Caninin
727 1060 831 1113 sublata

275 1131 338 1180 VIII
372 1129 413 1179 De
430 1128 471 1179 his
489 1129 535 1193 qui
552 1129 594 1180 sui
610 1129 654 1180 vel
671 1130 749 1180 alieni
766 1130 831 1181 iuris
849 1138 910 1184 aunt

300 1199 338 1251 IX
371 1199 412 1248 ΒΘ
429 1198 512 1264 patria
529 1204 654 1264 potestate

314 1268 339 1317 X
373 1268 414 1318 De
431 1267 530 1332 nuptiis

299 1338 340 1388 XI
373 1336 414 1387 ΒΘ
430 1336 619 1402 adoptionibus.

287 1408 339 1461 XII
374 1405 477 1467 Quibus
493 1405 575 1456 modis
592 1405 634 1456 ius
651 1404 786 1473 potestatis
803 1406 913 1458 solvitur

275 1476 339 1526 XIII
372 1475 413 1525 De
429 1474 519 1524 tutelis

277 1545 339 1594 XIV
374 1543 425 1606 Qui
443 1543 500 1593 dari
517 1549 615 1593 tutores
631 1549 784 1594 testamento
803 1550 911 1609 possunt

290 1613 339 1662 XV
373 1613 414 1663 ΒΘ
430 1612 547 1678 legitima
564 1611 735 1678 adgnatorum
752 1613 836 1664 tutela

278 1683 341 1732 XVI
374 1682 415 1732 De
433 1681 525 1746 capitia
541 1681 685 1732 minutione

267 1751 341 1801 XVII
375 1751 415 1802 ΒΘ
431 1749 549 1816 legitima
566 1756 732 1816 patronorum
750 1750 832 1802 tutela

253 1821 340 1871 XVIII
374 1821 414 1871 ΒΘ
431 1819 548 1884 legitima
564 1819 709 1884 parentium
727 1819 809 1871 tutela

278 1890 341 1939 XIX
374 1889 415 1938 ΒΘ
432 1887 569 1938 fiduciaria
585 1888 668 1938 tutela
729 1909 734 1916 ·

292 1959 341 2007 XX
375 1957 416 2006 ΒΘ
432 1956 548 2006 Atiliano
565 1961 650 2006 tutore
668 1956 710 2006 vel
728 1972 758 2007 eo
776 1958 820 2022 qui
839 1973 872 2008 ex
888 1959 946 2025 legs
963 1959 1032 2010 lulla
1050 1967 1076 2012 et
1093 1960 1164 2012 Titia
1182 1961 1292 2013 dabatur

279 2027 343 2076 XXI
376 2026 417 2074 ΒΘ
434 2025 587 2075 auctoritate
603 2031 717 2075 tutorum

266 2096 341 2146 XXII
376 2093 477 2156 Quibus
494 2093 576 2144 modis
592 2093 674 2146 tutela
692 2094 782 2144 finitur

255 2165 342 2215 XXIII
376 2164 417 2214 ΒΘ
433 2163 596 2214 curatoribus

258 2233 344 2283 XXIV
378 2233 418 2283 De
436 2233 602 2284 satisdatione
618 2238 734 2284 tutorum
752 2239 778 2284 et
795 2240 944 2286 curatorum

268 2302 342 2352 XXV
376 2303 416 2352 De
433 2302 646 2353 excusationibus

254 2371 342 2422 XXVI
376 2372 416 2421 ΒΘ
433 2371 559 2437 suspectis
577 2371 706 2422 tutoribus
724 2377 750 2421 et
766 2372 930 2423 curatoribus

621 2469 731 2525 LIBER
749 2469 947 2528 SECUNDUS.

330 2545 344 2593 I
377 2543 417 2594 ΒΘ
434 2558 520 2593 rerum
538 2541 664 2593 divisione

317 2614 344 2663 11
378 2613 418 2662 De
434 2611 513 2664 rebus
529 2610 736 2677 incorporalibus

302 2683 342 2732 III
376 2682 417 2732 ΒΘ
434 2680 603 2732 servitutibus

307 2750 345 2800 1v
378 2750 419 2801 De
435 2766 487 2800 usu
504 2750 592 2800 fructu

318 2819 343 2868 V
377 2820 418 2869 lle
434 2834 486 2870 usn
503 2824 529 2869 et
545 2817 706 2868 habitatione

305 2888 344 2936 VI
377 2888 418 2938 ΒΘ
435 2886 641 2953 usucapionibus
658 2892 684 2938 et
701 2885 774 2951 longi
790 2885 912 2951 temporis
929 2886 1134 2953 possessionibus

293 2956 344 3005 VII
377 2955 418 3005 ΒΘ
436 2953 616 3005 donationibus

281 3024 345 3073 VIII
379 3022 481 3084 Quibus
498 3021 613 3072 alienare
630 3021 692 3072 licet
707 3021 751 3071 rel
767 3037 820 3072 non

306 3092 344 3143 IX
378 3092 429 3141 Per
446 3105 513 3155 quas
529 3104 652 3156 personas
670 3089 745 3140 nobis
762 3089 907 3154 adquiritur

319 3161 344 3210 X
377 3161 418 3210 ΒΘ
435 3159 596 3211 testamentis
614 3158 762 3209 ordinandIs

307 3230 345 3280 XI
378 3230 419 3280 De
436 3229 540 3279 militari
556 3234 708 3279 testamento

294 3300 345 3350 XII
380 3298 482 3361 Quibus
499 3314 552 3349 non
569 3304 609 3349 est
624 3296 778 3365 permissum
794 3302 948 3350 testamenta
964 3297 1048 3350 Iacere

280 3368 345 3418 XIII
378 3369 419 3418 ΒΘ
436 3367 633 3418 exheredations
650 3366 791 3417 liberorum

282 3437 344 3487 XIV
378 3438 419 3487 ΒΘ
435 3437 573 3488 heredibus
590 3435 755 3486 instituendis

295 3507 343 3556 XV
377 3507 419 3557 De
434 3505 540 3570 vulgari
557 3504 741 3557 substitutione

283 3576 344 3626 XVI
377 3576 418 3625 De
435 3574 559 3642 pupillari
575 3574 759 3626 substitutione

271 3644 347 3695 XVII
381 3644 482 3707 Quibus
500 3644 583 3695 modis
600 3648 753 3695 testamenta
769 3640 935 3692 infirmantur

255 3714 345 3764 XVIII
378 3714 418 3764 De
436 3713 579 3764 inofficioso
595 3718 747 3764 testamento

144 3784 145 3787 ’
282 3783 344 3833 XIX
377 3783 418 3832 ΒΘ
434 3782 558 3834 heredum
576 3783 701 3848 qualitate
718 3786 745 3832 et
761 3779 889 3830 differenti

296 3852 345 3901 XX
378 3851 419 3902 ΒΘ
435 3852 529 3918 legatis
886 3873 889 3881 =

283 3920 344 3970 XXI
378 3921 419 3971 ΒΘ
434 3920 595 3986 ademptione
612 3920 755 3986 legatorum

267 3990 344 4039 XXII
377 3989 417 4040 ΒΘ
434 3990 493 4056 lego
509 3989 625 4040 Falcidia

255 4059 344 4108 XXIII
377 4059 418 4110 ΒΘ
435 4057 678 4109 fideicommissariis
695 4055 882 4107 hereditatibus

259 4127 346 4177 XXIV
380 4128 420 4179 De
437 4127 548 4192 singulis
565 4126 645 4178 rebus
661 4142 707 4193 per
723 4124 949 4175 fideicommIssum
966 4123 1062 4174 relictis

272 4195 345 4244 XXV
379 4197 419 4248 De
436 4196 561 4247 codicillis

292 4293 411 4337 lustinIani
423 4294 585 4338 Institutiones.
610 4291 698 4337 lILIld.
739 4285 741 4290 ’
1106 4290 1120 4344 1
