3309 4917
332 450 415 515 11‚20
853 455 893 515 76
1376 473 1415 518 ur

332 643 418 698 ores,
442 642 519 699 quae
539 633 606 703 post
632 632 841 687 testamentum
870 625 979 685 factum
1003 624 1085 702 gregi
1108 623 1286 698 adiciuntur,
1318 627 1416 704 legato

331 711 434 771 cedere
447 712 579 772 Iulianus
602 711 654 772 ait:
678 710 762 772 esse1
778 711 858 772 enim
879 711 979 789 gregis
1003 730 1096 770 unum
1111 729 1218 788 corpus
1234 730 1270 771 ex
1285 711 1416 772 distanti-

332 798 389 857 bus
412 796 563 876 capitibus,
588 798 671 858 sicuti
693 798 811 858 aedium
833 817 927 857 uuum
951 816 1056 873 corpus
1078 803 1121 857 est
1139 816 1176 856 ex
1191 797 1415 859 cohaerentibus

280 886 314 940 19
332 883 490 961 lapidibus:
514 885 635 945 aedibus
657 883 782 961 denique
803 884 907 960 legatis
929 883 1083 944 columnas
1106 889 1134 944 et
1155 902 1314 957 marmora,
1340 903 1417 960 quae

280 972 316 1027 20
334 976 401 1046 post
423 976 631 1030 testamentum
654 969 763 1031 iactum
787 970 898 1030 adiecta
920 975 1003 1042 suut,
1031 969 1129 1045 legato
1157 969 1269 1031 cedere.
1316 969 1345 1030 Si
1368 990 1415 1048 pe·

332 1054 442 1115 culium
463 1057 595 1133 legatum
618 1055 716 1130 fuerit,
740 1056 804 1116 sine
827 1055 915 1116 dubio
938 1055 1078 1132 quidquid
1101 1054 1214 1132 peculio
1238 1057 1348 1116 accedit
1370 1059 1416 1117 vel

332 1141 444 1202 decedit
464 1143 529 1202 rivo
559 1149 709 1217 testatore,
739 1141 872 1219 legatarii
898 1141 980 1202 lucro
1002 1141 1049 1201 vel
1075 1141 1185 1200 damno
1212 1147 1266 1203 est.
1311 1143 1416 1219 quodsi

332 1233 398 1305 post
419 1235 546 1289 mortem
567 1228 714 1289 testatoris
736 1235 805 1288 ante
832 1227 940 1288 aditam
967 1226 1157 1287 hereditatem
1185 1246 1286 1287 servus
1315 1228 1416 1305 adqui·

332 1313 420 1388 sierit,
445 1314 574 1375 lulianus
597 1315 645 1388 ait,
669 1313 695 1374 si
716 1313 835 1391 quidem
850 1313 906 1391 ipsi
921 1312 1105 1373 manumisso
1121 1313 1267 1389 peculium
1282 1314 1415 1391 legatum

331 1399 431 1474 fuerit,
460 1419 563 1474 omne,
593 1400 671 1478 quod
700 1408 768 1460 ante
796 1400 905 1460 aditam
935 1399 1125 1459 hereditatem
1153 1399 1330 1475 adquisitum
1361 1408 1414 1474 est,

330 1486 474 1563 legatario
496 1488 607 1560 cedere,
631 1486 700 1563 quia
722 1487 783 1546 dies
806 1486 893 1546 huius
916 1485 1003 1561 legati
1025 1483 1123 1544 adita·2
1144 1485 1304 1546 hereditate
1326 1485 1414 1548 cedite

332 1573 384 1631 sed
406 1575 430 1632 si
454 1580 592 1633 extraneo
614 1571 761 1649 peculium
783 1573 915 1648 legatum
938 1571 1032 1643 fuerit,
1056 1590 1117 1630 uon
1140 1571 1242 1632 cedere
1257 1591 1291 1632 ea
1306 1572 1414 1649 legato,

332 1657 389 1716 nisi
412 1677 448 1718 ex
470 1660 559 1719 rebus
581 1657 775 1736 peculiaribus
798 1664 917 1718 auctum
940 1657 1025 1718 fuerit
1047 1655 1223 1734 peculiumt
1266 1658 1415 1735 peculium

331 1751 431 1804 autem
454 1744 510 1804 nisi
531 1745 663 1822 legatum
685 1743 784 1817 fuerit,
813 1743 998 1804 manumisso
1021 1761 1082 1802 uon
1105 1742 1239 1816 debetur,
1270 1744 1413 1820 quamvis,

331 1829 358 1889 si
381 1829 462 1889 vivus
485 1829 697 1903 manumiserit,
722 1829 837 1904 sufficit,
862 1829 970 1890 sinon
993 1829 1152 1890 adimatur:
1175 1836 1204 1890 et
1226 1830 1266 1889 ita
1287 1829 1344 1888 divi
1367 1829 1415 1890 Se·

332 1934 418 1975 verus
441 1923 470 1976 et
491 1916 661 1977 Antoninus
684 1916 905 1994 rescripserunt.
942 1916 1020 1976 idem
1045 1913 1279 1992 rescripserunt⁴
1300 1915 1414 1992 peculio

331 2003 428 2078 legato
451 2021 511 2062 non
534 2003 623 2064 videri
645 2002 673 2062 id
696 2002 846 2075 relictum,
873 2008 906 2063 ut
932 2001 1102 2079 petitionem
1128 2002 1236 2062 habeat
1263 2002 1413 2079 pecuniae,
1436 2052 1439 2058 .

331 2106 422 2164 quam
445 2088 476 2148 in
498 2087 625 2149 rationes
647 2088 809 2148 dominicas
837 2088 987 2165 impendit.
1026 2088 1103 2147 idem
1130 2088 1341 2164 rescripserunt
1367 2107 1414 2165 pe·

332 2173 443 2233 culium
465 2173 555 2234 videri
577 2177 719 2251 legatum,
743 2193 811 2232 cum
834 2173 996 2233 rationibus
1018 2172 1136 2233 redditis
1149 2173 1222 2233 liber
1236 2192 1301 2233 esse
1316 2173 1414 2234 iussus

280 2263 315 2316 21
333 2266 377 2319 est
399 2267 428 2318 et
449 2278 486 2319 ex
508 2279 543 2319 eo
565 2259 691 2336 reliquas
715 2259 829 2319 inferre.
864 2259 939 2318 Tam
962 2265 1061 2318 autem
1082 2259 1246 2334 corporales
1262 2278 1308 2318 res
1324 2277 1414 2334 quam

333 2344 531 2422 incorporales
552 2345 645 2422 legari
667 2351 800 2422 possunt.
835 2350 864 2404 et
885 2344 949 2404 ideo
972 2343 1020 2404 et⁵
1038 2344 1116 2421 quod
1132 2344 1269 2404 defuncto
1283 2344 1413 2419 debetur,

333 2437 430 2508 potest
451 2430 537 2492 alicui
559 2431 663 2509 legari,
693 2438 726 2490 ut
751 2430 880 2491 actiones
904 2449 973 2490 suas
994 2430 1080 2491 heres
1107 2430 1248 2506 legatario
1275 2437 1413 2507 praestet,

334 2517 391 2576 nisi
413 2517 539 2593 exegerit
560 2518 642 2577 vivus
664 2523 785 2577 testator
807 2515 977 2593 pecuniam:
1004 2536 1075 2577 nam
1102 2517 1158 2577 hoc
1185 2535 1255 2576 casu
1281 2517 1412 2593 legatum

333 2603 524 2680 extinguitur.
570 2604 620 2664 sed
649 2609 678 2664 et
704 2603 762 2662 tale
787 2604 921 2679 legatum
949 2604 1038 2663 valet:
1061 2599 1218 2662 ‘damnas⁰
1240 2608 1303 2662 esto
1326 2602 1413 2662 heres

279 2692 316 2746 22
334 2689 456 2749 domum
479 2689 556 2750 illius
578 2685 705 2750 reficere'
719 2689 764 2749 vel
786 2687 881 2749 ‘illum
900 2707 966 2749 aere
992 2689 1087 2749 alieno
1103 2685 1244 2749 liberare².
1280 2686 1311 2748 Si
1326 2706 1413 2765 gene·

333 2774 431 2835 raliter
457 2795 558 2835 servus
586 2777 631 2835 vel
657 2775 714 2836 alia
741 2794 789 2835 res
818 2777 946 2852 legetur,
979 2775 1079 2836 electio
1108 2774 1240 2851 legatarii
1268 2781 1325 2848 est,
1357 2771 1414 2832 nisi

280 2865 317 2918 23
334 2860 412 2920 aliud
435 2868 557 2922 testator
579 2860 692 2923 dixerit.
726 2860 860 2938 Optionis
882 2862 1022 2939 legatum,
1045 2857 1089 2921 <id
1112 2868 1157 2921 est
1176 2860 1226 2921 ubi
1241 2867 1362 2921 testator
1377 2880 1413 2920 ex

259 2962 261 2967 ·
333 2943 439 3008 <servis
461 2949 521 3008 suis
542 2948 587 3008 vel
609 2948 673 3007 eliis
695 2949 784 3007 rebus
810 2954 910 3024 optare
931 2948 1107 3025 legatarium
1129 2947 1262 3021 iusserat,
1285 2946 1413 3006 habebat

332 3027 377 3092 <iu
400 3053 432 3094 se
455 3034 665 3110 condicionem,
688 3040 717 3094 et
738 3033 804 3094 ideo
826 3034 883 3093 nisi
905 3034 967 3111 ipse
982 3035 1140 3111 legatarius
1156 3033 1238 3093 rivus
1254 3038 1411 3111 optaverat,

332 3114 384 3178 <ad
407 3121 545 3180 heredem
567 3121 695 3209 legatum
718 3139 780 3180 non
803 3120 1028 3180 transmittebat.
1066 3119 1118 3180 sed
1141 3139 1177 3180 ex
1205 3119 1413 3180 constitutione

332 3199 469 3265 ‘nostrat
491 3213 520 3265 et
541 3206 598 3266 hoc
620 3207 650 3264 in
678 3205 830 3265 meliorem
859 3213 967 3266 statum
995 3206 1186 3266 reformatum
1215 3211 1260 3264 est
1287 3211 1316 3264 et
1344 3204 1413 3262 data

331 3284 392 3351 <est
413 3290 529 3351 licentia
550 3299 579 3350 et
600 3291 699 3351 heredi
722 3291 855 3367 legatarii
870 3299 978 3368 optare,
1001 3291 1068 3352 licet
1083 3291 1164 3350 rivus
1178 3288 1339 3367 legatarius
1355 3289 1412 3348 hoc

332 3371 408 3436 <uon
431 3377 506 3437 fecit.
541 3384 569 3437 et
591 3376 774 3453 diligentiore
795 3383 918 3437 tractatu
944 3378 1044 3436 habito
1067 3383 1096 3436 et
1111 3377 1168 3436 hoc
1182 3376 1213 3434 in
1228 3381 1330 3435 nostra
1345 3393 1413 3434 con·

333 3457 498 3522 ‘stitutione
520 3462 651 3522 additum
674 3469 726 3534 est,
750 3469 791 3535 ul,
815 3462 876 3522 sive
890 3462 988 3540 plures
1004 3461 1132 3539 legatarii
1147 3460 1281 3532 existant,
1306 3459 1413 3535 quibus

331 3542 427 3624 <optio
449 3548 548 3608 relicta
570 3555 623 3621 est,
647 3554 676 3608 et
698 3547 872 3608 dissentiant
893 3549 923 3607 in
946 3566 1066 3624 corpore
1081 3547 1225 3624 eligendo,
1248 3546 1309 3606 sive
1324 3545 1412 3606 unius

332 3629 480 3710 ‘legatarii
502 3635 600 3711 plures
622 3633 753 3706 heredes,
777 3641 806 3694 et
826 3634 902 3694 inter
925 3652 956 3694 se
971 3634 1047 3694 circa
1062 3632 1224 3711 optandum
1239 3632 1413 3692 dissentiant

326 3713 405 3780 falic
428 3719 506 3780 aliud
528 3739 634 3799 corpus
657 3719 765 3797 eligere
793 3719 941 3796 cupiente,
971 3739 1009 3780 ne
1035 3727 1135 3797 pereat
1161 3719 1290 3795 legatum
1320 3717 1412 3796 (quod

333 3801 479 3882 ‘plerique
502 3805 689 3883 prudentium
712 3813 814 3866 eontra
836 3805 1062 3866 benivolentiam
1085 3803 1332 3884 introducebant),
1356 3804 1412 3863 ior·

331 3886 452 3952 <tunam
476 3910 540 3952 esse
562 3891 650 3952 huius
671 3892 797 3969 optionis
819 3890 944 3952 iudicem
967 3899 995 3953 et
1018 3898 1096 3952 sorte
1117 3909 1182 3952 esse
1203 3891 1261 3952 hoc
1277 3889 1412 3950 dirimen-

403 4028 412 4059 ²
431 4024 496 4094 esse]
514 4027 587 4093 ΒΕα,
606 4036 645 4079 eat
662 4027 724 4079 PEb
791 4027 801 4058 ²
818 4027 897 4094 adita]
915 4025 993 4093 BPa,
1011 4030 1045 4080 ab
1062 4028 1094 4080 ad
1112 4025 1181 4077 Pru
1243 4025 1253 4057 ³
1271 4023 1411 4092 peculium]

332 4095 505 4231 1252&ss
507 4163 540 4232 ,3
555 4096 567 4128 ⁴
584 4095 618 4161 cf.
632 4097 691 4164 Dip.
701 4094 743 4162 33,
753 4094 859 4162 8,6§4
920 4098 930 4129 ⁶
948 4093 983 4164 et]
996 4097 1029 4162 B,
1041 4115 1089 4149 om.
1100 4095 1152 4148 PE
1210 4095 1414 4148 ‘damnatusB
