3309 4917
314 432 408 501 ΠΜ
753 436 961 535 ——13-2—
985 474 991 486 ·
1087 476 1092 485 ·
1190 455 1298 511 numus
1311 456 1407 504 uonrs

316 604 483 672 *‘babeo’⁴:
509 608 579 671 ¹sed
602 616 631 671 et
653 607 764 671 Graece
785 615 884 688 potest
904 614 1057 687 aooeptum
1078 609 1157 683 lieri,
1181 609 1342 673 dummodo
1363 611 1408 672 sio

314 695 375 769 fiat,
398 702 432 757 ut
446 694 558 757 Latinis
580 694 678 758 verbis
699 696 786 757 solet:
811 693 913 778 ’ἔχεις
933 693 1045 778 λαβὼν
1061 694 1197 777 δηνάρια
1218 693 1314 772 adom·
1337 697 1408 779 ἔχω

314 780 434 864 λαβών.
472 777 566 858 ν(ιιιο
588 801 697 860 genere
718 788 752 842 ut
766 781 895 843 diximus
917 789 1033 843 tantum
1056 801 1109 843 eae
1129 782 1326 860 obligationes
1349 784 1408 844 sol·

315 863 454 943 *sontum
477 886 554 945 quae
581 886 618 931 ex
639 868 736 931 verbis
763 868 941 943 oonsistunt‚
972 887 1032 929 non
1061 867 1152 929 etiam
1180 875 1307 931 eeterm:
1336 887 1408 930 eon·

315 948 509 1015 *sentaneum
532 954 612 1015 enim
633 954 731 1016 risum
753 961 799 1015 est
823 954 920 1016 verbis
946 954 1055 1015 factam
1077 953 1289 1031 obligationem
1318 974 1408 1034 posse
1530 988 1538 1004 ·

314 1035 394 1101 *aliis
418 1039 514 1100 verbis
536 1038 669 1101 dissolvi:
693 1038 766 1102 sed⁴
787 1040 827 1114 id,
849 1040 928 1118 quod
951 1059 988 1100 ex
1010 1038 1068 1100 alin
1089 1058 1180 1100 causa
1201 1039 1332 1115 debetur,
1355 1060 1407 1120 po

315 1120 387 1187 *test
409 1125 440 1186 in
468 1125 688 1203 stipulationem
716 1126 819 1186 deduci
848 1133 878 1187 et
905 1145 958 1204 per
982 1125 1239 1211 aeoeptilntionem
1257 1124 1405 1189 dissolri*

317 1209 411 1273 ‘sieut
433 1218 532 1273 autem
547 1211 626 1289 quod
642 1212 765 1273 debetur
779 1231 833 1289 pro
847 1218 931 1289 parte
946 1218 1023 1273 reete
1036 1211 1167 1285 solvitur,
1189 1211 1230 1273 ita
1244 1212 1276 1273 in
1291 1219 1407 1291 partem

281 1302 299 1357 2
317 1297 405 1359 debiti
428 1296 608 1376 aoeeptilatio
630 1296 692 1359 fieri
707 1304 812 1376 potest.
847 1298 900 1357 Est
914 1297 1029 1376 prodita
1044 1286 1202 1375 stipflatio,
1224 1316 1301 1375 quae
1315 1300 1406 1377 vulgo

313 1381 471 1461 Aquiliana
494 1384 669 1463 appellatur,
692 1404 745 1463 per
760 1403 851 1462 quam
866 1382 1088 1462 stipulationem
1109 1384 1264 1463 oontingit,
1286 1391 1321 1445 ut
1342 1404 1407 1446 om·

312 1468 397 1530 nium
419 1488 520 1530 rerum
543 1469 684 1548 obligatio
706 1470 736 1530 in
760 1469 932 1547 stipulatum
946 1468 1108 1530 deducatur
1121 1477 1152 1531 et
1164 1489 1201 1531 ea
1214 1490 1267 1549 per
1281 1472 1406 1549 aeoepti-

311 1554 454 1617 lationem
481 1556 609 1617 tollatur.
643 1554 792 1634 stipulatio
818 1555 899 1616 eninr
920 1553 1078 1633 Aquiliana
1103 1560 1194 1616 novat
1221 1574 1327 1617 omnes
1353 1558 1406 1617 ob·

311 1639 469 1720 ligationes
496 1648 526 1703 et
551 1661 570 1702 a
592 1640 676 1702 Gallo
698 1640 817 1718 Aqussio
843 1641 884 1701 ita
904 1640 1069 1719 composita
1094 1648 1153 1703 est:
1179 1636 1346 1719 “quidquid
1375 1648 1406 1703 te

312 1722 398 1787 ‘mihi
425 1745 463 1788 ex
485 1744 674 1805 quacumque
696 1746 786 1789 eausa
807 1727 880 1788 dare
903 1726 1000 1788 faeere
1020 1733 1137 1805 oportet
1156 1727 1301 1806 oportebit
1321 1746 1405 1806 prae

311 1806 395 1875 ‘sens
417 1812 448 1873 in
472 1811 606 1874 diemrel
629 1832 814 1891 quarumque
835 1831 936 1875 rerum
958 1812 1032 1874 mihi
1052 1819 1151 1875 mum
1173 1814 1249 1875 aetio
1270 1832 1406 1891 quaeque

311 1893 378 1959 ‘obs
400 1905 429 1959 te
451 1898 551 1977 petitio
573 1900 618 1961 vel
641 1899 781 1961 adversus
802 1905 833 1960 te
860 1900 1095 1977 perseeutiosest
1116 1900 1171 1961 erit
1191 1898 1348 1977 quodque⁸
1370 1905 1405 1961 tu

312 1980 428 2047 ‘meum
449 1985 543 2046 habes
565 1993 649 2048 tenes
671 1985 804 2064 possides
826 1984 1049 2064 possideresve⁰
1070 1986 1175 2047 dolove
1200 1986 1280 2047 malo
1301 1985 1404 2062 fecisti,
1431 1984 1436 1994 '

312 2066 384 2149 ‘quo
407 2070 507 2133 minus
529 2071 695 2149 possideas:
723 2071 826 2149 quanti
852 2090 988 2149 praeque
1013 2091 1116 2133 earum
1141 2092 1242 2133 rerum
1270 2091 1318 2133 res
1339 2071 1403 2146 erit,

312 2152 439 2217 ‘tantun
461 2156 618 2234 perunum
640 2156 703 2217 dari
726 2156 882 2234 stipulatus
904 2164 949 2217 est
971 2157 1067 2217 Aulus
1089 2156 1225 2234 Agerius,
1247 2156 1405 2236 spopondit

312 2240 483 2303 ‘Numerius
504 2238 670 2319 Negidius?
700 2240 772 2303 item
794 2260 811 2301 e
833 2240 948 2302 diverso
969 2241 1128 2302 Numerius
1151 2242 1293 2319 Negidius
1318 2242 1406 2304 inter·

311 2326 427 2405 rogarit
448 2327 558 2387 Aulum
580 2325 741 2403 Agerium:
763 2324 989 2404 ‘quidquidtibi
1011 2325 1156 2387 hodierno
1178 2327 1226 2389 die
1247 2346 1301 2405 per
1314 2327 1404 2406 Aqui·

310 2411 422 2473 bonam
445 2411 661 2491 stipulationem
689 2412 849 2491 spopondi,
879 2412 908 2472 id
940 2430 1029 2473 omne
1057 2412 1189 2473 habesne
1218 2410 1403 2491 aooeptumt'

277 2504 294 2561 8
311 2498 463 2577 respondit
483 2498 578 2561 Aulus
600 2497 740 2575 Agerius:
762 2494 908 2560 ‘habeo²⁰
928 2503 1139 2576 aooeptumque
1160 2494 1234 2559 tuli’
1264 2495 1402 2561 ¹¹*Prae

312 2579 408 2646 *terea
434 2584 591 2646 novatione
617 2584 729 2646 tollitur
755 2584 906 2663 obligatio.
940 2583 1028 2645 veluti
1050 2582 1076 2643 si
1102 2582 1145 2657 id,
1173 2583 1252 2660 quod
1274 2589 1306 2644 tu
1332 2585 1402 2647 Seio

313 2667 445 2745 *debeas
469 2670 586 2732 a-'l'itio
608 2670 671 2732 dari
693 2670 851 2748 stipulatus
871 2671 918 2733 sit.
950 2688 1023 2731 nam
1045 2668 1209 2731 interventu
1227 2688 1323 2730 norae
1336 2689 1400 2747 per-

312 2752 420 2819 *sonae
445 2775 523 2817 nova
550 2755 681 2819 nascitur
706 2756 848 2835 obligatio
875 2762 906 2818 et
935 2756 1031 2834 prima
1057 2755 1169 2817 tollitur
1197 2756 1341 2816 translata
1368 2755 1401 2816 in

311 2837 528 2922 *posteriorem
551 2842 625 2904 adeo
647 2848 681 2903 ut
701 2841 858 2917 interdum,
880 2842 947 2903 lieet
962 2841 1105 2920 posterior
1122 2840 1269 2920 stipulatio
1290 2841 1401 2903 inutilis

311 2924 372 3004 *sit
395 2935 496 2991 minen
518 2929 614 3007 prima
635 2928 801 2991 novationis
816 2928 880 2989 iure
900 2926 1066 2992 tollatur²².
1096 2927 1186 2989 veluti
1208 2928 1233 2989 si
1255 2928 1303 3002 id,
1318 2927 1398 3007 quod

311 3010 403 3077 *Titio
426 3022 457 3079 tu
482 3014 621 3089 debebas,
644 3034 662 3076 a
683 3015 794 3093 pupillo
820 3013 885 3075 sine
910 3013 1015 3075 tutoris
1041 3014 1212 3075 auctoritate
1241 3014 1398 3092 stipulatus

311 3096 421 3173 *fuerit
444 3119 503 3178 quo
525 3119 596 3162 oasu
611 3119 658 3161 res
673 3100 830 3161 amittitur:
853 3119 924 3161 nam
939 3107 970 3162 et
983 3099 1063 3178 prior
1080 3099 1194 3161 debitor
1214 3099 1356 3162 liberatur
1370 3105 1398 3161 et

310 3181 469 3264 *posterior
483 3185 623 3263 obligatio
638 3187 719 3248 nulla
734 3193 787 3249 est.
814 3204 877 3247 non
891 3186 970 3248 idem
990 3185 1061 3248 iuris
1082 3193 1137 3261 est,
1160 3186 1186 3247 si
1201 3205 1221 3247 a
1235 3205 1319 3247 servo
1334 3186 1399 3264 quis

310 3266 481 3349 Tstipulatus
495 3271 594 3333 fuerit:
618 3290 690 3334 nam
705 3279 776 3332 tune
790 3271 871 3350 prior
884 3271 1008 3350 proinde
1021 3272 1168 3349 obligatus
1183 3279 1293 3345 manet,
1317 3290 1352 3331 ae
1374 3270 1399 3331 si

311 3352 429 3435 *postea
450 3377 469 3417 a
490 3356 573 3418 nullo
582 3354 611 3395 ¹⁸
626 3356 780 3434 stipulatus
795 3356 907 3419 luisset.
941 3357 994 3418 sed
1009 3358 1034 3418 si
1050 3358 1154 3437 eadem
1168 3375 1296 3435 persona
1311 3356 1357 3426 sit,
1380 3372 1399 3413 a

311 3436 385 3519 *qua
399 3448 502 3521 postea
516 3442 672 3520 stipularis,
688 3441 729 3504 ita
743 3442 866 3504 demum
876 3441 994 3505 novatio
1009 3444 1051 3517 fit,
1067 3442 1176 3521 siquid
1191 3442 1222 3501 in
1236 3439 1399 3517 posteriore

379 3591 606 3663 1εο(1...λαιβ<ιῦν
623 3612 654 3649 ea
672 3593 847 3664 Dtp.46,4,8
864 3597 910 3659 §4
927 3591 1211 3665 (upttsauuat.)
1272 3591 1399 3674 ’idem

309 3664 424 3717 habesne
441 3673 562 3732 aoosptos
579 3673 618 3717 tot
633 3666 769 3719 denamos?
786 3668 871 3719 babeo
935 3666 947 3698 ⁸
964 3664 1025 3717 Gai.
1037 3662 1062 3730 ³,
1072 3662 1125 3717 170
1189 3660 1202 3693 ⁴
1219 3657 1275 3728 ssd]
1291 3659 1391 3715 Gna&

309 3733 354 3785 aa
370 3739 397 3785 n
413 3733 475 3785 crea
545 3734 609 3802 *ep
623 3735 683 3788 aaa
695 3732 720 3801 a,
730 3733 782 3787 172
852 3735 863 3767 ⁸
909 3730 1076 3801 natat
1091 3729 1124 3785 18
1142 3730 1184 3793 §1
1257 3699 1400 3797 *domni

315 3800 414 3869 Toup.
429 3799 460 3868 Θ,
482 3803 550 3854 diem
567 3804 610 3855 vel
627 3804 677 3856 sub
695 3804 871 3856 oondioionem
919 3803 965 3869 Tb,
986 3802 1074 3853 diesve
1096 3799 1149 3866 (vol
1173 3801 1224 3852 sub
1248 3801 1399 3853 oondioione

310 3870 373 3923 add.
387 3870 434 3937 0⁶)
457 3872 584 3938 oportebit
606 3880 766 3939 oporteretve
789 3870 813 3924 0
890 3872 956 3923 'sie
982 3871 1042 3922 libri
1068 3886 1126 3923 eum
1149 3866 1182 3936 Θ,
1209 3870 1312 3938 quodve
1338 3869 1398 3937 Dip.

312 3936 525 4025 'possideresvffl
543 3940 586 4025 ais¹
598 3940 659 3993 libri
675 3958 733 3992 eum
753 3936 786 4005 Θ,
802 3938 1007 4025 noemma.
1034 4009 1040 4021 ι
1067 3939 1091 3972 ¹0
1108 3945 1244 4007 aeosptnm
1261 3939 1310 3989 im.
1322 3936 1399 3990 dett:

307 4003 372 4130 tta
387 4002 479 4131 tlt
498 4006 713 4146 gaam
729 4006 869 4143 tuna
889 4006 1039 4132 ‚ntus
1148 4009 1400 4142 euentu

310 4096 389 4196 BT?
449 4148 472 4180 ¹⁸
489 4165 507 4200 a
524 4146 607 4213 nullo]
627 4146 696 4213 eat,
715 4146 804 4199 nullus
821 4147 884 4199 libri
988 4174 992 4182 ·
